1686 3089
223 206 308 251 558
622 174 1226 242 co'MMENTAmvs'

206 302 208 304 v
228 324 362 361 ctrina
382 315 592 365 excolere,
621 330 704 355 non
728 315 898 354 seminas
922 313 1055 350 minus
1089 324 1206 364 quam
1231 311 1344 349 viros
1367 307 1505 356 decet3
1564 309 1607 344 at

224 402 388 428 omnem
411 399 548 424 curam
569 396 811 435 operamque
831 380 881 418 ad
903 381 1083 418 studium
1101 379 1402 431 philosophiae,
1455 375 1604 414 rheto—

224 458 356 503 ricae,
384 452 661 505 grammatices
698 451 949 500 aliarumque
974 449 1123 486 artium
1154 447 1370 494 conferre,
1418 458 1500 482 non
1524 441 1606 479 nisi

223 520 326 563 viris
350 521 562 573 proprium
591 519 657 556 vel
681 517 875 554 decorum
900 530 944 554 ac
969 517 1031 554 sas
1063 522 1149 565 est,
1176 521 1237 563 et,
1267 515 1301 552 si
1330 513 1477 551 mulier
1503 509 1605 547 haec

221 593 409 634 virorum
440 587 571 625 studia
602 590 800 631 sectatur,
852 597 994 622 eorum
1028 597 1188 636 quoque
1223 589 1264 620 et
1293 581 1434 619 habitu
1466 583 1607 614 utatur

221 665 266 698 et
286 657 443 708 reliqua
464 655 623 705 negotia
659 658 749 702 agat
775 651 958 703 adeoque
990 652 1110 702 plane
1142 650 1290 688 mulier
1318 657 1402 686 esse
1432 641 1604 683 desinat.

184 712 190 772 .
222 728 318 765 445.
359 723 588 778 Epitheton
630 721 751 758 docta
791 719 835 756 in
869 719 1033 756 feminis
1083 732 1184 766 non·
1210 717 1260 755 ad
1302 715 1398 754 artis
1444 718 1606 749 tansum

220 796 430 848 poeticae,
482 790 553 830 sed
582 785 861 841 philosophiae
898 787 1041 832 etiam,
1103 786 1299 824 historiae
1330 781 1607 830 omniumque,

223 877 326 916 quae
349 862 524 899 lectione
549 857 841 904 addiscuntur,
883 855 1064 892 studium
1099 868 1184 891 esse
1211 850 1497 899 referendum,
1553 864 1609 887 ex

224 945 305 968 vss.
338 930 416 966 448
441 939 529 978 seq.¹
558 924 827 974 intelligitur,
902 929 941 961 et
977 928 1118 960 contra
1157 920 1383 958 Broekhus.
1414 918 1609 970 probavit

223 999 373 1048 Heyne
397 995 512 1033 Obss.
538 992 587 1029 ad
611 991 773 1030 Tibull.
785 990 857 1039 IV,
881 990 917 1039 6,
938 1002 975 1028 2.
1001 1012 1057 1017 ——
1117 990 1165 1026 In
1186 1002 1263 1026 vss.
1293 988 1385 1025 446.
1407 982 1501 1035 447.
1532 984 1608 1022 ha-

221 1066 334 1104 bitus
368 1062 610 1113 negotiaque
640 1060 849 1106 virorum,
879 1071 962 1094 non
985 1055 1325 1108 philosophorum
1350 1060 1510 1091 tantum
1538 1057 1611 1090 aut

225 1138 436 1172 oratorum
467 1134 784 1181 poetarumque,
825 1124 943 1177 (quae
967 1125 1192 1162 communis
1226 1123 1314 1161 sere
1333 1123 1610 1173 interpretum

223 1198 427 1237 sententia
452 1200 529 1240 est)
563 1195 849 1245 designantur:
905 1192 1015 1244 quod
1046 1193 1127 1229 iam
1166 1205 1364 1229 monuere
1397 1189 1529 1227 Schol.
1567 1196 1609 1226 et

222 1268 383 1305 Feri-ar.
423 1251 477 1300 de
505 1277 550 1300 re
590 1267 690 1300 vest.
725 1261 797 1308 III,
840 1260 906 1298 24.
934 1282 988 1289 -
1082 1259 1174 1297 446.
1207 1259 1405 1297 Virorum
1444 1258 1610 1297 tunicae

223 1340 338 1372 crant
361 1331 606 1370 subm-ictae
642 1335 683 1366 et
726 1329 897 1376 breves,
961 1327 1071 1365 circa
1113 1326 1329 1365 humerum
1366 1327 1612 1374 desinentes,

222 1401 472 1440 seminarum
507 1403 643 1435 autem
673 1395 941 1447 molliumque
971 1394 1186 1433 hominum
1210 1396 1431 1433 manicatae
1467 1408 1511 1432 ac
1545 1401 1611 1431 ta-

1218 1459 1274 1484 129

220 1469 340 1514 lareS,
372 1466 410 1503 h.
444 1479 475 1501 e.
504 1464 692 1515 prolixae
717 1469 757 1500 et
778 1462 828 1499 ad
850 1463 952 1499 talos
983 1462 1191 1500 demissae.
1351 1464 1462 1500 Bene
1489 1468 1613 1500 vetus

1311 1532 1364 1582 gi
1376 1558 1388 1575 v,
1441 1539 1486 1567 ut
1510 1529 1610 1577 ἶνίν,-

223 1608 266 1639 et
301 1601 473 1637 Siluano
512 1599 703 1635 mulieres
738 1611 820 1633 non
859 1597 956 1633 lieet
987 1598 1237 1643 sacrificare.
1317 1598 1427 1635 Huic
1463 1597 1613 1649 agresti

225 1534 363 1572 Schol.
397 1534 583 1581 accipere
618 1531 733 1567 (lebet
763 1530 927 1566 virilem,
960 1529 1150 1566 habitum
1181 1538 1219 1566 ez*
1243 1532 1309 1567 cin

222 1667 486 1718 horridoquer
499 1665 592 1702 Deo
622 1665 704 1703 viri
730 1663 1034 1712 sacrificabant,
1080 1664 1257 1701 feminae
1282 1665 1431 1702 Iunoni
1465 1672 1505 1702 et
1528 1665 1611 1702 Ce-

221 1736 319 1773 reri.
375 1734 440 1771 Cs.
478 1734 640 1769 Ferrar.
679 1732 705 1769 l.
735 1732 761 1769 l.
801 1730 1018 1782 Agricolae
1057 1736 1194 1769 tamen
1239 1732 1366 1783 prisci
1409 1734 1612 1771 Tellurem

219 1815 349 1854 porco
359 1829 373 1846 ,
417 1801 634 1838 Silvanum
660 1800 765 1837 lacte
795 1800 999 1850 piabant,
1042 1803 1147 1837 teste
1176 1799 1317 1838 Horat.
1341 1799 1475 1851 Epist.
1495 1801 1549 1849 II,
1578 1814 1612 1850 1,

205 1870 327 1922 ,1412
390 1867 661 1924 DeySilwano
693 1880 731 1905 v.
770 1865 979 1904 Creuzer's
1012 1866 1224 1917 Symbolik
1267 1867 1319 1907 T.
1351 1867 1404 1905 II.
1439 1882 1478 1919 p.
1514 1869 1610 1918 487.

226 1927 277 1973 T.
292 1935 367 1974 ΙΙΙ.
385 1949 422 1986 p.
439 1946 531 1985 219.
597 1934 830 1986 quadrante
852 1935 993 1972 lavari
1003 1949 1018 1981 ;
1047 1947 1140 1972 nam
1162 1934 1338 1973 lavaturi
1363 1936 1484 1985 vulgo
1510 1950 1614 1988 qua-

223 2003 410 2040 drantem
448 2002 597 2039 dabant
629 2001 875 2050 balneatori,
928 2015 1012 2039 non
1047 2015 1246 2053 pauperes
1280 2008 1438 2041 tantum
1470 2000 1612 2055 philo-

223 2069 367 2121 sophi,
395 2069 505 2121 quod
530 2069 634 2107 male
666 2069 872 2120 colligitur
902 2083 955 2107 ex
975 2069 1121 2107 Horat.
1146 2069 1226 2106 Sat.
1250 2069 1282 2118 I,
1303 2070 1340 2120 3,
1364 2072 1430 2121 37.
1488 2071 1610 2121 Cous.

221 2151 311 2189 sup.
348 2136 397 2174 ad
420 2137 473 2184 II,
501 2137 589 2174 152.
646 2136 870 2174 Enimvero
904 2137 1083 2174 feminae
1117 2150 1279 2188 quoquc
1305 2138 1547 2176 lavabantur
1566 2139 1612 2177 in

223 2204 401 2257 publicis
435 2203 605 2241 thermis
637 2204 899 2255 balneisque,
951 2218 973 2241 e
997 2204 1143 2255 quibus
1177 2204 1254 2242 alia
1286 2205 1354 2253 iis,
1404 2205 1482 2243 alia
1507 2206 1610 2244 viris

219 2272 389 2323 propria
428 2277 574 2309 er.ant
598 2285 636 2310 v.
677 2272 843 2310 Vitruv.
875 2270 928 2319 V,
970 2283 1031 2309 10.
1072 2277 1113 2308 et
1144 2271 1194 2309 al.
1250 2270 1347 2310 Non
1377 2273 1515 2325 itaque
1549 2286 1609 2312 vs·
1646 2267 1651 2274 ¹

226 2339 320 2376 446.
345 2339 438 2388 447
476 2339 563 2377 sola
602 2352 647 2376 ac
685 2338 854 2389 propria
892 2337 1077 2377 vilorum
1118 2339 1281 2390 negotia
1318 2347 1612 2406 memorantur,
1647 2370 1649 2373 -

222 2405 333 2457 quod
360 2419 483 2457 supla
517 2391 669 2443 monui.
728 2405 772 2442 Si
795 2411 931 2443 tamen
955 2405 1110 2444 Glossis
1137 2421 1228 2446 mss.
1254 2422 1314 2460 ap.
1343 2409 1503 2448 Ferrar.
1529 2410 1608 2451 1.1.

225 2471 325 2509 fides
348 2471 558 2517 habenda,
589 2473 782 2512 mulieres
805 2473 1045 2513 lavabantur
1067 2476 1213 2527 gratis,
1245 2483 1315 2514 aut
1336 2490 1379 2515 se
1402 2478 1510 2531 ipsas
1531 2491 1611 2530 pio

221 2540 357 2590 pretio
399 2540 559 2579 dabant.

272 2679 347 2713 129.
374 2669 429 2703 Cf.
452 2671 598 2706 Salmas.
620 2671 665 2708 ad
694 2672 773 2708 hist.
800 2672 891 2717 Aug.
949 2673 1045 2710 Gell.
1078 2675 1160 2720 VII,
1189 2688 1239 2713 12,
1276 2686 1310 2713 et
1347 2678 1461 2712 Plaut.
1498 2666 1604 2712 Poeu.

218 2727 262 2760 T.
282 2727 326 2760 11.
347 2739 382 2772 p.
407 2727 472 2763 556
495 2741 566 2771 seq.
595 2738 628 2764 et
644 2730 722 2767 VV.
739 2731 822 2784 DD.
847 2730 892 2764 ad
946 2731 989 2773 V,
1015 2733 1046 2774 5,
1067 2733 1122 2768 24.
