1686 3089
213 194 296 240 452
622 183 1224 232 COMMENTARIVS'

218 323 300 363 gae
316 336 328 353 ,
355 321 394 346 v.
417 307 467 346 acl
487 307 538 357 V,
565 307 653 346 154.
763 305 945 357 grandis
968 313 1140 356 corpore
1155 334 1165 352 ,
1191 316 1274 342 non
1296 304 1420 352 annis,
1444 303 1597 355 Grangi

222 376 333 429 quod
350 374 529 414 Achilles
550 388 698 413 novem
730 373 804 410 vix
825 379 944 410 natus
977 386 1102 409 annos
1135 372 1349 409 secesserit
1379 373 1428 409 ad
1456 372 1600 422 Lyco-

221 443 394 483 medem.
452 443 531 480 Sed
551 448 674 493 poeta
695 441 805 478 sorte
829 440 926 477 alios
940 440 1158 491 scriptores
1171 445 1364 490 sequutus
1376 445 1450 486 est,
1477 452 1600 490 quam

223 526 324 564 quos
353 524 461 549 nunc
491 510 707 554 habemus,
734 513 777 544 et
813 507 1002 559 profecto
1032 510 1169 558 inepta
1203 513 1263 544 est
1295 507 1472 557 vulgaris
1501 519 1602 543 nar-

219 579 350 627 ratio,
398 591 451 616 ex
490 592 568 629 qua
603 574 784 614 Achilles
823 589 876 612 ne
914 575 1055 612 decem
1105 574 1269 626 quidem
1311 588 1434 612 annos
1460 580 1602 611 ·'natus

218 646 326 694 fuit,
372 660 494 698 quum
526 651 568 683 et
594 650 711 695 pater
743 643 883 689 fieret,
930 647 971 679 et
1006 656 1027 678 a
1052 642 1220 680 Graecis
1241 641 1431 679 heroibus
1473 649 1606 692 expe⁴

422 708 462 733 82

218 719 392 753 teretur.
573 722 667 748 211.
699 709 929 753 cantabat,
969 723 1072 757 non,
1110 711 1278 747 canebat
1307 709 1445 747 laudes
1475 709 1605 758 magi-

222 783 317 831 stri,
348 780 416 818 sed
440 791 584 816 canere
611 776 792 814 discebat
813 777 960 814 fidibus
986 789 1031 813 ac
1061 776 1241 824 cithara3
1284 777 1393 814 unde
1415 790 1513 813 mox
1540 778 1605 812 ci-

222 848 411 887 zlzm-oedc'
446 847 649 897 magi-stri.
721 844 785 882 Cf.
817 845 962 881 Horat.
995 844 1126 896 Epod.
1160 845 1283 889 XIII,
1319 858 1377 882 11.
1411 849 1452 881 et
1482 841 1607 880 Ovid.

225 918 252 955 1.
276 917 302 953 l.
358 916 517 966 patriis
548 914 592 950 in
619 913 839 956 montibus,
867 911 911 948 in
933 911 1047 949 Pelio
1062 917 1200 949 monte
1215 911 1457 959 Thessaliae,
1487 924 1610 962 quem

226 983 384 1021 Chiron
421 981 570 1032 aliique
611 980 808 1018 Centauri
835 978 1126 1017 inhabitabant.
1151 993 1190 1018 v.
1220 979 1409 1031 Apollod.
1431 979 1479 1025 Π,
1505 979 1541 1016 5.
1569 979 1610 1015 4.

227 1050 383 1089 Chiron
418 1053 661 1100 praeceptor
697 1045 871 1084 Achillis
893 1045 1148 1097 aliorumque
1173 1046 1358 1084 hereum.
1389 1043 1425 1067 ⁸³
1493 1044 1610 1083 Idem

226 1117 457 1156 Centaurus
491 1114 592 1162 suit,
631 1120 674 1152 et
715 1113 933 1151 Centauris
968 1126 1114 1164 corpus
1147 1114 1353 1165 caudaque
1395 1113 1489 1165 equi
1529 1113 1611 1149 tri-

225 1186 450 1231 buebatur,
489 1182 598 1233 quod
637 1187 913 1220 commentum
951 1186 1073 1232 poeta
1110 1194 1147 1218 v.
1176 1193 1268 1219 212.
1295 1181 1416 1218 ridet.
1471 1180 1613 1217 Facies
1648 1234 1654 1236 s

227 1251 421 1289 Chironis
450 1249 646 1287 Centauri
672 1249 794 1286 etiam
824 1257 923 1285 tunc
953 1249 1149 1299 temporis
1179 1249 1349 1286 cuilibet
1374 1248 1500 1286 risum
1534 1261 1613 1284 ex-

226 1325 369 1357 cutere
410 1317 578 1364 debuit3
605 1329 656 1354 eo
695 1316 921 1354 mirabilior
961 1321 1025 1353 est
1060 1316 1315 1363 reverentia,
1352 1315 1401 1352 ab
1439 1308 1616 1362 Achille,

229 1393 309 1424 tam
325 1386 456 1423 feroci
469 1385 630 1431 iuvene,
655 1382 910 1434 eipraestita.
936 1404 990 1411 —
1049 1384 1143 1422 213.
1169 1384 1310 1435 Rufus
1322 1381 1478 1430 rhetor,
1506 1380 1617 1433 quod

226 1466 282 1491 ex
325 1451 403 1490 hoc
435 1464 558 1489 versu
593 1451 805 1501 probabile
827 1449 893 1497 fit,
941 1449 1012 1487 sed
1054 1451 1244 1500 ignotus,
1293 1451 1404 1488 sorte
1455 1450 1616 1486 Satrius

228 1518 394 1561 Rufus,
436 1520 506 1555 eui
527 1519 624 1568 suit
657 1531 748 1554 cum
773 1517 965 1554 Cicerone
990 1518 1237 1561 aemulatio,
1269 1519 1302 1554 si
1324 1515 1531 1567 probanda
1553 1520 1617 1553 est

227 1585 352 1624 lectio
388 1584 552 1634 vulgata
584 1585 628 1621 in
669 1585 771 1623 Plin.
810 1583 887 1633 Ep.
921 1584 950 1630 Ι,
985 1585 1019 1631 5,
1065 1597 1125 1621 11.
1192 1584 1346 1620 Forsan
1369 1583 1420 1632 Q.
1445 1582 1614 1620 Curtius

226 1652 384 1699 Rufus,
424 1651 541 1688 euius
567 1664 715 1688 nomen
745 1651 788 1688 in
815 1648 1027 1688 rhetorum
1065 1650 1224 1701 epilogo
1256 1655 1413 1688 tantum
1453 1656 1614 1699 exstat3

229 1719 382 1769 Grang.
440 1718 585 1755 Gallus
596 1718 691 1768 fnit
715 1726 754 1754 et
774 1718 893 1755 valde
915 1718 1115 1763 <lfisertus;
1141 1722 1221 1754 vet.
1247 1716 1382 1755 Schol.
1406 1739 1457 1747 —
1517 1718 1613 1755 214.

228 1787 391 1836 Ruficm
402 1812 414 1829 ‚
444 1784 513 1836 qui
534 1791 668 1821 tamen
686 1784 933 1822 clarissimus
959 1784 1120 1822 Rhetor
1147 1784 1227 1822 suit
1251 1785 1462 1837 ipsiusque
1487 1784 1614 1823 Cice-

229 1853 344 1891 ronis
398 1851 592 1890 aemulus.
669 1852 806 1888 Voces
837 1852 1023 1903 proprias
1052 1865 1171 1903 saepe
1204 1853 1361 1903 repeti,
1407 1852 1478 1890 sed
1516 1866 1616 1892 cum

230 1919 531 1966 additamento,
564 1918 672 1970 quod
697 1917 766 1956 vel
787 1926 1040 1956 venustatam
1066 1919 1133 1957 vel
1156 1920 1418 1957 acrimoniam
1432 1918 1515 1973 (vel
1529 1922 1616 1959 vim

230 1984 428 2037 orationi)
456 1986 601 2024 afferre
628 1986 780 2038 possit,
809 1986 949 2023 multis
979 1986 1180 2037 exemplis
1203 1986 1324 2023 docet
1347 1986 1550 2025 Schrader
1571 1988 1617 2027 iu

232 2054 350 2092 Obss.
371 2068 408 2106 p.
441 2067 501 2103 1¹7.
614 2053 868 2104 Allobroga,
897 2054 1156 2104 Allobrogice
1180 2054 1316 2105 potius
1352 2068 1398 2091 ac
1433 2055 1618 2104 barbare,

234 2136 354 2173 quam
390 2121 540 2159 Latine
571 2121 817 2172 loquentem.
874 2120 959 2158 Alii
982 2121 1264 2172 suspicantur,
1293 2120 1451 2160 Rufum
1473 2123 1515 2160 in
1539 2122 1616 2160 de—

232 2188 473 2226 clamatione
496 2187 667 2239 quadam
695 2186 940 2236 ostendisse,
969 2186 1210 2226 Ciceronem
1235 2201 1328 2226 cum
1348 2188 1619 2240 Allobrogum

231 2256 368 2311 potius
388 2255 529 2306 legatis
543 2285 552 2302 ,
583 2255 626 2292 in
646 2254 969 2292 coniurationem
991 2253 1190 2291 Catilinae
1209 2255 1405 2306 pellectiS,
1430 2257 1619 2306 sensisse,

233 2335 356 2373 quam
390 2336 484 2361 cum
520 2321 677 2360 civibus
713 2322 821 2369 suis,
859 2321 974 2359 cuius
1008 2328 1050 2359 et
1088 2321 1302 2359 Sallustius
1338 2336 1428 2362 eum
1460 2330 1616 2375 arguat.

231 2389 474 2440 Allobroges
504 2387 647 2440 populi
678 2387 835 2425 Galliae
854 2387 1143 2436 Narbonensis,
1186 2403 1360 2441 quorum
1383 2397 1503 2442 caput
1528 2391 1618 2428 Ge·-

231 2469 347 2495 neva.
412 2457 480 2494 De
511 2456 636 2498 vitiis,
659 2461 700 2493 et
743 2455 1086 2495 obtrectatoribus
1126 2456 1336 2495 Ciceronis
1368 2471 1406 2496 v.
1446 2457 1616 2496 Auctor.

278 2552 333 2585 82.
377 2554 432 2588 Cf.
449 2554 566 2586 Barth.
586 2553 632 2586 ad
653 2552 739 2586 Stat.
758 2552 888 2587 Achiu.
945 2565 989 2598 92
1021 2565 1094 2596 seq.
1116 2561 1149 2586 et
1169 2556 1206 2587 in
1232 2554 1350 2597 Antiq.
1371 2555 1558 2588 Aufseuzen
1577 2557 1615 2590 P.

232 2608 260 2650 1,
279 2610 344 2642 503
365 2622 436 2653 seq.
944 2612 971 2644 Ι.
1003 2623 1036 2654 p.
1069 2613 1124 2644 32.
1152 2608 1328 2644 Creuzer’s
1353 2611 1540 2656 symbolik
1570 2612 1614 2646 T.

277 2665 332 2698 85.
357 2678 388 2698 ν.
414 2667 532 2711 Heyne
559 2668 601 2699 ad
629 2666 796 2711 Apollod.
821 2667 886 2707 III,
941 2669 989 2703 II.
1009 2681 1043 2713 p.
1067 2667 1145 2706 55⁴2,

234 2722 286 2764 13,
310 2721 344 2755 ὂ.
377 2724 413 2754 in
440 2724 570 2766 Opusc.
589 2725 698 2758 Acad.
721 2726 760 2759 Τ.
781 2724 820 2758 V.
844 2735 882 2768 p.
