1686 3089
182 168 267 214 284
560 158 1181 212 'COMMENTARIVS

185 286 282 334 470·
308 282 353 307 ⁴⁷
379 305 434 314 —-
538 284 626 334 157.
651 283 861 336 Repetitio
898 282 1017 320 verbi
1048 284 1158 321 malo
1192 288 1311 334 auget
1345 283 1433 321 eius
1470 282 1571 321 vim.

187 353 310 390 Malo
336 364 512 390 uxorem
540 351 690 390 ducere
726 353 1010 395 Venusinam,
1053 350 1093 389 h.
1129 365 1162 389 e.
1194 365 1415 402 pauperem
1445 357 1567 402 atque

186 419 408 467 humilem,
451 434 482 461 s,
514 419 762 471 simplicem,
817 418 1074 469 peregrinam
1106 424 1148 456 et
1182 420 1401 467 rusffiam,
1453 419 1568 456 cuius

182 488 346 526 animus
380 494 421 525 et
437 489 699 537 incorruptus
730 491 812 532 cst,
851 490 892 522 et
914 499 936 522 a
960 485 1148 537 superbia
1177 486 1343 523 alienus.
1416 485 1480 523 Cs.
1517 483 1568 521 ad

184 555 220 604 I,
247 556 312 594 51.
369 555 421 592 Ei
447 568 539 592 cum
565 554 726 592 delectu
748 554 969 605 opponitur
994 548 1199 597 Cornelia,
1226 552 1427 604 Scipionis
1448 552 1570 589 Afri-

183 624 280 661 cani
310 622 475 660 maioris
495 622 598 671 filia,
640 621 706 661 Ti.
739 621 971 672 Sempronii
998 621 1176 659 Gracchi
1200 635 1318 667 uxor,
1345 619 1505 657 Tiberii
1528 623 1572 655 ct

188 689 278 728 Caii
300 690 581 728 Gracchorum
610 696 764 733 mater,
798 703 899 740 quac
924 696 1065 727 ornata
1091 689 1256 741 quidem
1287 687 1369 725 suit
1402 688 1572 738 magnis

185 759 434 803 virtutibus,
465 758 705 801 nobilitate,
747 757 911 808 opibus,
949 757 1101 795 eximia
1124 757 1330 803 castitate,
1368 753 1572 800 facundia,

183 825 461 874 fecunditate,
504 825 617 874 (nam
640 824 725 862 XII
751 824 901 863 liberos
921 826 1100 876 peperit)
1131 826 1308 876 pietate,
1339 821 1464 859 animi
1485 834 1574 858 ma·-

183 893 400 944 gnitudine
434 899 530 939 cet„
557 888 599 913 ⁴⁸

184 974 301 1009 rum,
366 974 468 1012 quae
503 959 704 997 maiorum
743 966 1086 1010 cognatorumque
1123 948 1230 996 sacia
1255 955 1476 996 laudabilia
1505 955 1574 993 vcl

660 891 732 928 sed
766 906 849 929 nou
882 892 968 929 sine
1004 892 1112 929 fastu
1153 891 1353 928 nobilium
1394 889 1573 926 semina-

185 1034 401 1067 stemmata
434 1041 506 1064 sua
533 1040 698 1077 crepare
727 1026 859 1063 solent
886 1032 926 1063 et
958 1026 1120 1064 iactare.
1181 1023 1305 1073 Quod
1329 1024 1451 1073 vulgo
1473 1035 1576 1073 pro-

185 1095 309 1135 batur
335 1109 356 1133 e
380 1095 488 1132 Plut.
514 1094 558 1132 in
578 1095 661 1132 vita
693 1095 755 1132 Ti.
778 1099 819 1131 et
853 1092 898 1130 C.
926 1092 1103 1131 Gracchi
1137 1091 1242 1143 Opp.
1277 1091 1328 1128 T..
1350 1091 1381 1128 I.
1413 1103 1452 1141 p,
1482 1090 1575 1127 843.

184 1163 317 1214 Magis
339 1170 475 1200 ‘samen
498 1161 579 1199 huc
603 1168 778 1213 spectat,
822 1160 931 1213 quod
957 1160 1067 1198 iclem
1089 1160 1198 1200 Plus„
1233 1159 1260 1198 l.
1279 1158 1306 1195 l.
1344 1173 1384 1210 p.
1406 1160 1498 1202 827.
1523 1158 1574 1195 E.

183 1236 408 1278 memorat,
438 1244 526 1268 eam
549 1244 667 1280 saepe
694 1229 810 1276 filiis>
837 1235 883 1266 nt
913 1227 962 1265 ad
997 1240 1063 1265 res
1089 1239 1250 1275 magnas
1284 1225 1478 1276 gerendas
1507 1239 1578 1263 eos

186 1299 411 1345 excitaret,
465 1298 758 1349 exprobrasse,
820 1295 930 1347 quod
981 1309 1005 1332 a
1045 1293 1198 1346 populo
1245 1292 1364 1330 Rom.
1393 1292 1577 1331 nondum

185 1365 468 1403 Gracchorum
496 1373 649 1410 mater,
701 1363 773 1402 sed
806 1376 948 1402 socrus
982 1361 1181 1413 Scipionis
1216 1367 1441 1398 vocaretur.
1498 1361 1578 1398 His

186 1433 361 1476 occisis,
410 1431 545 1469 eidem
576 1436 712 1468 statua
741 1445 864 1469 aenea
897 1429 1061 1482 publice
1092 1429 1225 1479 posim
1259 1441 1352 1464 cum
1390 1428 1575 1479 inscript.

186 1498 485 1537 CORNELIA
528 1496 730 1534 MATER
776 1494 1205 1541 GRACCHORUM,
1246 1508 1325 1545 quo
1357 1501 1478 1545 pocta
1506 1509 1579 1533 re-
1616 1513 1620 1517 ·

186 1566 372 1618 spexisse
384 1564 564 1603 videtur.
609 1562 673 1601 Cf.
698 1563 804 1601 Plut.
829 1564 854 1600 l.
876 1564 901 1601 l.
936 1577 974 1614 p.
996 1562 1088 1601 836.
1112 1562 1160 1598 E.
1191 1561 1295 1598 Plin.
1311 1561 1519 1611 XXXIV,
1538 1563 1575 1601 6.

187 1633 368 1672 Gentilis
389 1632 503 1683 Orig.
530 1646 574 1683 p.
599 1631 693 1683 395.
724 1637 765 1668 et
787 1631 927 1669 senec.
953 1630 979 1667 1.
1000 1630 1026 1667 l.
1094 1629 1188 1667 Alia
1235 1627 1448 1676 Cornelia,
1490 1643 1575 1668 non

183 1702 320 1739 minus
354 1700 444 1738 sere
482 1699 612 1747 clara,
660 1699 879 1736 iactantius
913 1697 964 1734 de
989 1711 1031 1735 se
1054 1702 1096 1734 et
1132 1702 1252 1747 gente
1287 1688 1358 1732 sua
1392 1696 1580 1747 loquitur

183 1782 246 1820 ap.
279 1768 403 1818 Prop.
432 1767 505 1814 IV,
549 1780 609 1806 11.
646 1788 702 1796 —-
801 1766 889 1815 169.
922 1765 1224 1816 Sapo-cilium,
1268 1776 1305 1800 v.
1338 1763 1389 1800 ad
1422 1763 1474 1812 ΙΙ,
1515 1766 1576 1803 15.

185 1849 379 1874 numeras
413 1836 460 1871 in
496 1834 584 1871 dote
617 1834 872 1885 trinmphffi,
929 1833 1101 1883 gloriam
1140 1832 1341 1868 maiorum
1382 1838 1577 1882 cognato-

182 1915 358 1955 rumque
381 1903 426 1939 in
450 1900 587 1939 dotem
613 1902 727 1954 quasi
752 1902 951 1952 imputas,
993 1901 1086 1938 loco
1107 1898 1219 1947 ‘dotis
1235 1926 1245 1945 ‚
1286 1898 1354 1935 vel
1381 1911 1457 1949 pro
1479 1898 1577 1937 dote

183 1969 414 2009 habendam
438 1982 588 2006 censes.
646 1969 774 2007 Poeta
799 1968 928 2019 ipsam
953 1966 1174 2018 alloquitur
1203 1963 1462 2014 Corneliam5
1495 1979 1575 2017 quo

183 2037 323 2077 vivida
353 2037 401 2074 fit
427 2037 570 2074 oratio.
670 2049 757 2086 170.
794 2049 826 2073 1.
872 2035 1005 2086 Apage
1035 2040 1072 2071 te
1110 2046 1203 2071 cum
1233 2032 1420 2070 laudibus
1444 2034 1574 2084 patris

183 2106 270 2150 tui,
328 2118 448 2156 quem
481 2103 693 2153 praedicas
728 2103 927 2141 devicisse
961 2101 1273 2144 Ilatmz'balem,
1330 2100 1574 2150 Syphacem,

184 2174 249 2223 (V.
274 2173 368 2210 Liv.
394 2171 540 2219 XXX,
560 2172 596 2208 5.
625 2184 639 2208 1
653 2184 684 2207 1.
703 2172 762 2210 15.
779 2171 866 2221 17.)
895 2176 936 2207 ct
952 2169 1259 2219 Carthaginem.
1337 2168 1388 2204 Itz
1410 2171 1573 2213 castris,

184 2254 288 2293 quae
319 2239 456 2290 Scipio
493 2244 534 2275 et
565 2226 779 2276 Masinissa
811 2242 1137 2275 concremarunt.
1170 2249 1207 2271 v.
1233 2234 1327 2272 Liv.
1350 2235 1376 2272 l.
1398 2235 1428 2274 l.
1459 2241 1500 2273 et
1523 2235 1575 2274 acl

182 2309 254 2346 Sil.
289 2307 428 2355 XVII,
462 2307 514 2344 88
545 2318 627 2357 seq.
691 2306 852 2343 ·Verba
890 2319 983 2342 etam,
1023 2311 1111 2340 tota
1156 2302 1413 2353 Cartbagine
1451 2303 1573 2341 etiam

185 2377 310 2416 simul
337 2373 388 2412 ad
426 2373 661 2425 Scipionem
692 2373 935 2411 Africanum
970 2372 1172 2409 minorem
1208 2369 1361 2408 referri
1393 2376 1574 2421 possunt,

191 2483 195 2490 '
233 2488 291 2530 47.
317 2485 492 2529 Quidam:
537 2495 626 2526 quae
645 2485 759 2525 nox-it,
784 2483 852 2516 sibi
910 2481 1060 2514 Gracchi
1094 2480 1187 2523 opp.
1219 2479 1260 2511 T.
1276 2478 1304 2510 I.
1341 2490 1377 2521 p.
1411 2476 1489 2512 824.
1541 2487 1576 2512 et

186 2546 307 2579 omnia
334 2543 420 2575 haec
448 2543 544 2575 bona
577 2543 700 2573 inesse.
760 2539 851 2574 Alii:
911 2540 990 2571 8215.
1035 2537 1189 2580 Quintil.
1214 2537 1243 2578 I,
1272 2548 1299 2569 1.
1324 2536 1442 2569 valer.
1481 2536 1574 2570 Max.

189 2614 276 2646 quae
297 2601 447 2643 singulis
461 2610 632 2641 magnum
655 2593 751 2642 quasi
769 2611 852 2643 pre-
909 2595 966 2634 lv,
990 2596 1021 2635 4,
1045 2605 1074 2626 1.
1112 2603 1146 2627 et
1180 2595 1210 2635 6,
1237 2606 1266 2626 1.
1316 2593 1397 2626 Scn.
1431 2593 1574 2626 consol.

190 2658 499 2693 tiumtconstituit.
909 2653 955 2686 ad
977 2654 1085 2686 Marc.
1109 2664 1138 2683 c.
1165 2653 1216 2685 is).
1252 2651 1364 2695 Pighii
1383 2650 1509 2683 Auunl.
1531 2650 1576 2684 T·

235 2716 293 2751 48.
317 2728 350 2749 v.
378 2715 472 2748 Plut.
501 2715 538 2746 in
566 2715 635 2747 vita
666 2713 720 2746 Ti.
757 2723 791 2746 et
810 2712 850 2747 C.
908 2712 974 2746 111.
1004 2723 1038 2754 p.
1059 2710 1114 2743 45.
1134 2710 1190 2743 44.
1212 2717 1245 2741 et
1266 2709 1339 2742 Cic.
1359 2708 1455 2742 Brut.
1473 2718 1527 2752 27.
