1686 3089
435 141 513 183 IN
558 126 790 184 ΙννΕΝῑ
842 137 978 179 SAT.
1013 139 1129 181 xvi.
1381 145 1479 198 775

81 273 121 300 v.
140 257 192 298 ad
213 257 292 308 IX,
329 260 394 298 28.
428 270 495 310 29.
537 258 750 299 lacernam
778 255 997 307 legendum
1025 272 1114 296 esse
1146 257 1187 297 11.
1212 258 1239 296 1.
1273 259 1473 311 suspicari

75 328 221 380 possis.
289 327 371 366 Sed
400 334 521 378 saepe
555 326 661 378 plur.
694 324 864 377 ponitur
893 338 970 376 pro
1001 326 1100 377 sing.
1161 327 1301 366 Verba
1331 334 1470 369 autem

72 396 237 435 Fuscus
257 398 347 434 iam
367 396 554 434 mictum
570 394 662 445 plus
684 395 728 433 in
742 406 914 432 ‘recessu
937 391 1089 431 habere
1110 393 1318 444 videntur,
1346 410 1470 449 quam

60 463 218 519 »fronte
240 464 510 516 promittunt,
539 469 581 502 et
602 467 725 513 poeta
744 461 955 509 satiricus,
982 462 1027 498 ni
1050 461 1196 511 fallor,
1236 477 1322 502 non
1343 464 1469 503 modo

72 538 294 583 patronum
316 545 464 570 causae
482 544 583 569 mox
605 529 813 568 dicturum
841 529 1050 580 designare
1073 528 1223 579 voluit,
1256 532 1327 570 sed
1342 533 1466 571 etiam

70 600 140 639 vel
163 600 377 652 loquacem
398 598 620 650 plmesque
638 597 870 649 clepsydras
902 604 1164 649 poscentem,
1198 600 1266 638 vel
1298 606 1467 651 potato-

69 678 182 716 :r-em,
212 668 306 719 qui,
337 671 386 704 ut
409 665 538 704 iudex
571 665 644 704 ille
674 680 734 717 ap⁴
768 665 952 704 Macrob.
989 665 1015 703 l.
1041 665 1082 714 l.,
1116 666 1278 717 saepius
1311 666 1347 703 it
1382 666 1466 704 mi-

68 741 195 774 ctum.
253 733 370 773 Idem
393 733 535 774 forsan
559 733 714 771 Fuscus
737 739 784 771 ut
804 734 970 771 vinosus
994 739 1161 772 notatur
1180 748 1202 772 a
1224 734 1346 772 Mart.
1368 734 1468 781 VII,

68 817 138 854 27.
162 811 203 842 et
224 804 311 842 eius
331 816 495 855 quoque
521 802 676 839 coniux
696 808 744 839 ut
766 801 926 840 ebriosa
945 815 1032 853 sup.
1057 802 1156 850 XII,
1187 802 1253 840 45.
1285 824 1340 831 —
1397 801 1465 839 46.

65 874 217 924 parati
229 871 280 909 ad
299 869 529 909 dicendum,
542 883 785 922 causamque
806 868 1014 921 agendam,
1033 869 1293 921 digredimur
1309 869 1466 907 infecta

64 943 139 988 re,
165 938 358 978 frustrati
390 938 700 989 exspectatione
734 937 930 975 iudicum.
1049 939 1115 984 47.
1152 936 1201 975 In
1236 937 1352 981 soro,
1391 937 1467 974 ubi

64 1008 297 1058 litigamus,
328 1005 454 1043 ⁴lente
482 1004 673 1056 procedit
707 1005 757 1043 lis
780 1011 932 1042 nostra.
989 1003 1237 1056 Metaphora
1257 1005 1387 1056 petita
1414 1004 1465 1042 ab

67 1088 193 1122 arena
215 1071 504 1125 amphitheatri
528 1078 567 1109 et
590 1072 905 1122 gladiatoribus,
936 1073 1007 1124 qui
1028 1073 1072 1110 iu
1095 1086 1141 1110 ea
1164 1078 1358 1124 pugnant.

180 1142 384 1180 48-50.
440 1140 645 1179 Militibus
673 1147 815 1178 contra
845 1141 988 1192 quovis
1009 1141 1097 1189 die,
1139 1147 1179 1177 et
1202 1139 1364 1192 quando
1394 1138 1464 1178 vel

66 1211 227 1263 quoties
253 1210 304 1247 iis
329 1208 455 1256 libet,
485 1215 645 1259 tempus
668 1221 811 1245 causae
830 1209 1009 1258 agendae
1034 1207 1299 1256 conceditur,
1326 1220 1463 1260 neque

59 1292 154 1322 *re-3,
197 1291 316 1316 causa
348 1291 378 1314 s.
413 1277 539 1325 actio,
574 1278 698 1327 longo
723 1277 980 1327 sufflamine,
1012 1277 1130 1326 longa
1152 1288 1288 1322 mora,
1320 1274 1378 1324 (v.
1410 1273 1461 1312 ad

55 1346 181 1394 VIII,
219 1342 328 1396 148.)
372 1347 587 1390 atteritur,
635 1344 818 1382 deterior
847 1344 913 1382 vel
943 1344 1049 1382 mala
1082 1343 1150 1392 fit,
1193 1356 1319 1393 quum
1352 1342 1461 1379 bona

63 1420 194 1462 esset,
212 1419 262 1451 set
295 1412 495 1464 perditur.
607 1415 794 1451 Atterere
830 1413 898 1450 vcl
931 1422 1077 1459 terere,
1115 1416 1163 1448 ut
1196 1409 1269 1447 Gr.
1305 1409 1464 1460 τρίβειν

55 1488 106 1520 -et
127 1482 377 1534 ἐπιτρίβων,
408 1481 710 1529 comminuere,
739 1482 996 1527 imminuere,
1025 1478 1246 1523 infirmare,
1270 1475 1459 1526 perdere.

52 1538 505 1602 'Sufflami‘ne-atterere
531 1548 656 1586 etiam
679 1548 812 1598 simpl.
848 1561 924 1598 pro
951 1546 1105 1584 morari
1129 1559 1158 1583 s.
1183 1543 1350 1581 differre
1375 1542 1459 1580 dici

61 1613 220 1669 potest,
250 1615 319 1653 vel
338 1629 411 1652 res.
429 1616 478 1654 de
496 1625 552 1653 re·
568 1616 762 1676 sa'iiiari
788 1615 941 1665 accipi,
971 1627 1023 1650 nc
1047 1625 1297 1663 synonymae
1334 1623 1457 1649 voces

61 1697 126 1721 res
152 1689 193 1721 et
208 1682 269 1720 'lis
291 1684 522 1731 iungantur.
581 1681 757 1719 Sed⁷illa
776 1681 881 1718 ratio
904 1680 1168 1731 praestiterit.

177 1751 224 1788 51
241 1750 372 1786 -54.
431 1749 635 1797 Militibus
659 1749 780 1786 etiam
809 1746 1003 1799 (primum
1026 1761 1048 1785 a
1069 1746 1147 1784 Iul.
1171 1744 1356 1793 Caesare,
1379 1745 1454 1784 dc-

60 1818 158 1858 inde
195 1818 243 1855 ab
279 1818 482 1867 Augusto,
522 1817 640 1864 Tito,
678 1816 917 1854 Domitiano
953 1829 996 1852 ac
1027 1814 1284 1865 potissimum
1315 1813 1457 1851 Nerva.

14 1881 26 1891 ⁸
63 1893 106 1926 et
131 1885 332 1929 Traiano)
368 1884 409 1921 id
440 1883 647 1935 privilegii
688 1896 950 1930 concessum,
990 1888 1038 1919 ut
1073 1894 1174 1933 quae
1207 1895 1229 1917 a
1253 1894 1295 1919 se
1325 1888 1455 1931 parto:

63 1960 197 1992 essent
216 1953 354 1990 labore
377 1952 581 1998 militiae,
619 1950 658 1990 h.
685 1965 718 1988 e.
746 1950 1018 2002 stipendium,
1063 1948 1264 2000 praemia,
1301 1946 1454 1998 praeda

65 2022 223 2073 aIiaque
248 2021 294 2057 in
319 2019 466 2056 militia
492 2032 520 2054 S.
546 2018 653 2056 bello
682 2019 901 2070 acquisita,
935 2016 1069 2070 (quod
1092 2016 1214 2066 vulgo
1234 2016 1453 2066 peculium.

63 2098 267 2139 castrense
292 2086 461 2134 dicitur)
494 2099 577 2122 non
600 2094 732 2123 essent
757 2087 801 2123 in
836 2100 1024 2136 corpore,
1067 2097 1247 2131 summa,
1290 2095 1453 2125 cen-ms,

64 2158 265 2195 bonorum
300 2153 403 2201 filii,
445 2167 621 2204 quorum
659 2166 774 2189 omne
802 2156 1008 2204 regimen,
1041 2151 1290 2198 dominium,
1313 2156 1453 2186 teneat

62 2233 208 2276 pater,
240 2222 279 2260 h.
303 2235 336 2259 e.
371 2235 453 2258 non
486 2221 642 2271 patriae
672 2220 860 2271 potestati
896 2220 1076 2258 obnoxia
1117 2223 1272 2265 essent,
1321 2222 1450 2267 utque

66 2291 167 2329 adeo
195 2289 400 2327 militibus
424 2291 518 2325 vivo
543 2289 664 2324 etiam
690 2295 812 2338 patre
844 2290 909 2323 ius
943 2296 1046 2324 esset
1072 2285 1256 2327 testandi
1290 2284 1340 2321 de
1370 2282 1451 2321 hoe

64 2358 225 2410 pecuiio
247 2355 454 2394 castrensi.
508 2353 589 2407 (Cs.
617 2355 777 2404 Digest.
799 2355 824 2393 l.
850 2367 914 2408 29.
937 2361 966 2391 t.
1006 2368 1038 2392 1.
1073 2355 1099 2391 l.
1134 2367 1166 2391 1.
1205 2352 1255 2389 de
1291 2357 1448 2390 testam.

65 2425 149 2464 mil.
180 2424 343 2476 Ulpian.
370 2424 435 2461 23.
458 2420 495 2474 ᾗ.
525 2423 607 2469 10.)
636 2422 714 2459 His
741 2422 910 2473 aliisque
930 2422 1231 2472 Imperatorum
1250 2419 1452 2457 institutis

65 2492 280 2531 imminuta
304 2497 365 2528 est
385 2491 515 2542 patria
534 2495 734 2541 potestas,
773 2490 839 2526 cui
865 2490 962 2527 olim
991 2503 1110 2527 omne
1132 2488 1208 2526 filii
1241 2486 1451 2539 peculium

60 2573 147 2608 ,una
171 2572 263 2596 eum
286 2572 459 2609 corpore
481 2571 526 2594 ac
548 2558 634 2595 vita
658 2557 886 2596 subiectum
908 2563 1005 2594 erat.

183 2625 380 2663 54-56.
441 2625 557 2673 Quae
596 2638 720 2675 quum
746 2625 801 2661 ita
823 2625 927 2674 sint,
955 2633 1102 2676 pater,
1134 2626 1326 2676 quamvis
1363 2625 1451 2661 iam

71 2694 268 2731 tremulus
292 2692 437 2745 capite,
467 2691 507 2730 h.
520 2706 552 2732 e.
575 2692 687 2731 senio
711 2691 944 2741 consectus,
969 2701 1113 2747 captat
1134 2693 1339 2733 Coranum
1367 2690 1455 2736 fili-⁶
