1686 3089
197 161 254 208 48
596 161 1175 212 COMMENTAmvs

199 278 423 327 senatoria,
456 282 502 316 ‘ut
519 292 714 329 purpura
746 278 873 315 latior
907 276 1058 314 dicitur
1081 277 1240 325 Plinio,
1273 277 1448 329 p-fill-t·
1473 275 1590 316 Mar-

198 348 291 385 tiali
310 346 427 394 VIII,
450 347 485 394 8,
513 347 548 383 4.
580 346 692 382 latus
714 346 858 382 clavus
893 345 998 382 Plin.
1038 344 1115 394 Ep.
1140 343 1193 391 II,
1215 356 1252 394 9.
1289 346 1423 381 maior
1448 345 1592 381 clavus

199 416 300 453 Stat.
325 415 422 452 Silv.
447 413 523 461 III,
550 424 587 460 2,
616 413 702 449 124.
735 416 777 448 et
813 416 955 447 contra
975 425 1139 460 pauper
1163 417 1204 448 et
1221 419 1424 462 angustus
1447 411 1591 448 claras

198 496 277 536 pro
301 481 444 520 ordine
467 480 648 532 equestri
677 479 777 515 Stat.
811 477 909 513 Silv.
938 477 989 524 V,
1024 489 1061 525 2,
1089 478 1148 516 18.
1189 484 1229 514 et
1253 478 1396 514 Vellei.
1435 478 1488 526 II,
1523 479 1588 516 88.

198 536 328 588 Latus
349 549 457 587 enim
477 548 614 584 clavus
644 547 802 596 insigne
824 551 910 582 erat
941 550 1195 593 senatorum,
1237 546 1313 582 etsi
1345 545 1419 582 sub
1442 544 1588 583 Caesa-

196 618 310 657 ribus
330 616 504 668 Equites
538 614 660 651 etiam
690 613 892 659 illustres,
946 610 1001 664 (v.
1042 612 1153 648 Suet.
1185 612 1288 663 Aug.
1322 613 1388 650 38.
1419 618 1461 650 et
1486 612 1588 653 Ner.

197 685 264 725 26.
289 684 340 722 ad
363 697 465 736 quae
485 682 574 719 loca
597 681 648 718 cs.
676 679 868 730 Ernesti)
898 680 1023 717 immo
1047 679 1235 716 tribunos
1273 677 1406 728 (Suet.
1431 680 1587 718 Domit.

201 752 288 802 10.)
316 758 357 788 et
375 762 596 802 praecones
618 748 741 799 (Plin.
764 747 975 794 XXXIII,
1007 744 1056 798 1.)
1097 760 1189 784 cum
1212 752 1384 797 gestasse
1406 747 1589 797 legimus.

196 842 249 851 --
289 831 379 867 107.
408 816 600 860 custodit,
632 816 783 866 pascit,
823 828 915 852 oves
939 814 1185 858 conducta-9,
1216 814 1388 863 alienas,
1418 815 1485 852 vel
1508 828 1587 865 po·-

195 889 280 926 tius
302 888 487 937 inragro,
525 897 646 935 quem
668 881 878 920 conduxit.
994 883 1194 919 Corvinus
1224 895 1300 933 pro
1332 883 1475 933 quovis
1509 895 1589 919 no-

194 955 392 994 bilissimo
416 950 467 989 ad
490 950 670 1001 inopiam
704 948 883 987 redacto.
915 948 979 986 Cf.
1016 948 1066 985 ad
1096 949 1214 996 VIII,
1245 950 1281 986 5.
1305 950 1488 986 Britaim.
1523 957 1587 987 ta-

197 1036 294 1061 men
312 1018 611 1072 suspicabatur,
649 1022 811 1067 poetam
837 1017 1066 1066 respexisse
1098 1015 1148 1052 ad
1170 1016 1228 1053 M.
1250 1016 1461 1054 Valerium
1483 1013 1591 1053 Cor-

196 1092 341 1129 vinum
355 1117 365 1135 ,
401 1087 472 1138 qui
490 1090 634 1122 exacta
655 1084 735 1121 iam
758 1089 890 1119 aetate
910 1096 1024 1133 agros
1055 1083 1238 1120 coluerit.
1366 1097 1454 1134 109.
1477 1084 1590 1120 Pal-

199 1159 264 1196 las
278 1183 292 1202 ,
346 1151 508 1192 Claudii
541 1151 738 1200 libertus,
782 1151 897 1187 cujus
919 1150 1101 1201 potentia
1133 1156 1174 1186 et
1205 1150 1370 1188 divitiae
1394 1151 1489 1188 satis
1511 1164 1589 1188 no-

196 1231 275 1263 tae.
295 1219 335 1244 ⁴⁵
357 1235 363 1238 “
402 1221 451 1258 In
478 1223 596 1269 gente
628 1219 804 1255 Licinia
838 1217 1018 1254 familiae
1047 1223 1163 1254 erant
1193 1217 1434 1265 ditissimae,
1480 1218 1588 1269 inpr.

197 1289 410 1331 Liciniis.
431 1285 569 1323 Licini
602 1283 720 1321 Calvi
747 1284 955 1331 Stolones,
993 1291 1107 1335 pater
1142 1298 1186 1321 ac
1218 1285 1349 1329 fflius,
1399 1284 1456 1332 (v.
1493 1285 1587 1323 Liv.

199 1359 297 1406 VII,
327 1357 411 1404 16.)
455 1359 505 1400 et,
529 1350 685 1399 Crassi,
734 1351 975 1401 cognomine
1009 1352 1131 1388 etiam
1158 1353 1326 1389 Diuites·
1364 1344 1484 1401 dicti,
1536 1353 1588 1390 de

199 1427 346 1479 quibus
377 1437 415 1460 v.
462 1419 632 1466 Cicero,
682 1419 812 1465 Plan,
852 1418 957 1462 Dio,
1009 1425 1051 1455 et
1088 1433 1189 1470 quae
1225 1420 1310 1457 dixi
1340 1421 1380 1457 in
1418 1422 1587 1458 Tabulis

197 1491 355 1544 geneal,
390 1493 514 1540 gentt,
550 1487 669 1524 Rom.
742 1483 823 1522 Sed
869 1486 1081 1536 praedives
1113 1488 1232 1524 eiiam
1264 1487 1344 1525 fuit
1374 1489 1585 1534 Licinius,

195 1558 372 1611 Augusti
400 1557 593 1601 libertus,
633 1553 683 1590 de
709 1566 788 1604 quo
814 1566 851 1589 v,
880 1553 929 1589 ad
963 1553 1081 1601 XIV,
1110 1554 1203 1592 506.
1259 1555 1382 1591 Hunc
1416 1557 1585 1605 potissi-
1624 1585 1638 1590 -

195 1640 311 1667 mum
335 1624 374 1662 h.
397 1624 423 1661 l.
446 1620 760 1671 intelligendum
783 1626 928 1671 putant
956 1620 1086 1672 intpp.
1117 1635 1190 1658 nec
1222 1622 1349 1667 male,
1395 1624 1585 1674 quoniam

193 1693 414 1733 libertinus
436 1690 620 1741 loquitur
646 1694 687 1725 et
708 1702 800 1726 cum
822 1688 1004 1725 Pallante
1028 1702 1120 1725 eum
1144 1690 1364 1740 coniungit.

316 1763 508 1811 1o9ssseq.
538 1756 677 1793 Verba
710 1761 853 1806 poetae
880 1755 1125 1805 indignantis
1155 1757 1435 1807 impudentem
1467 1771 1584 1796 arro-

195 1828 377 1880 gantiam
401 1825 604 1867 hominis,
648 1824 718 1875 qui
747 1836 888 1860 servus
924 1823 1127 1874 quondam
1158 1826 1310 1871 suerit,
1361 1832 1401 1862 et
1423 1832 1585 1877 tempo-

194 1911 288 1936 rum
314 1906 483 1932 suorum
504 1891 804 1938 conditionem,
845 1891 990 1941 quibus
1016 1891 1180 1928 divitiae
1205 1891 1303 1929 dent
1325 1891 1521 1930 honorem
1543 1900 1584 1930 et

194 1964 287 2015 plus
323 1961 480 1999 meritis
513 1959 685 1996 valeant.
806 1970 892 1996 110.
923 1971 1040 1995 sacro
1071 1958 1241 2001 houm-2,
1281 1960 1467 1998 tribuno.
1504 1959 1582 1996 ho-

193 2030 297 2067 mini
320 2032 572 2065 sacrosancto
587 2054 597 2072 ,
638 2024 746 2076 quod
770 2025 837 2062 vel
859 2025 1062 2062 tironibus
1089 2032 1233 2064 notum
1255 2040 1309 2064 ex
1327 2027 1419 2064 Liv.
1440 2029 1490 2075 ll,
1517 2028 1581 2066 33.

191 2097 271 2140 ΙΙΙ,
299 2109 359 2146 19.
388 2095 452 2131 55.
509 2093 680 2142 Dionys.
708 2092 780 2139 VI,
808 2093 870 2142 89.
892 2113 948 2119 —-
994 2094 1276 2143 111.])ε(ίι“ῖ)ῑι.ς
1300 2095 1433 2138 albis,
1483 2094 1523 2132 11.
1548 2109 1581 2133 e.

195 2162 361 2201 cretatis
384 2160 453 2198 vel
471 2159 668 2210 gypsatis,
716 2159 824 2210 quod
844 2159 1005 2208 signum
1033 2166 1120 2198 erat
1141 2172 1182 2198 et
1210 2161 1408 2199 indicium
1440 2176 1584 2200 servo-

191 2237 291 2269 run?
307 2236 417 2266 trans
441 2239 552 2264 mare
585 2239 639 2262 ex
658 2226 839 2263 barbaris
859 2227 980 2264 terris
1012 2226 1296 2276 advectorum,
1336 2230 1407 2281 qui
1426 2231 1583 2269 vilissi-

192 2311 260 2336 mo
279 2296 412 2347 pretio
431 2293 724 2332 vendebantur.
751 2290 794 2315 45
823 2313 878 2321 —
942 2295 1028 2331 113.
1064 2308 1145 2346 seq.
1172 2297 1364 2334 Pecunia
1385 2311 1407 2334 a
1427 2298 1583 2337 Roma-

191 2364 255 2402 nis
278 2363 443 2416 quidem
464 2363 508 2399 in
528 2362 642 2399 Deos
671 2362 795 2399 relata
810 2390 820 2409 ,
861 2360 932 2398 sed
951 2375 1083 2413 neque
1108 2376 1193 2410 ara,
1233 2377 1365 2416 neque
1385 2366 1582 2417 templum

1542 2447 1582 2472 el

238 2535 295 2570 45.
326 2549 357 2568 v.
392 2537 488 2571 Suet.
528 2537 652 2571 Claud.
685 2538 740 2570 28.
778 2538 860 2571 Tac.
967 2539 1022 2572 46.
1048 2538 1152 2571 Cons.
1176 2540 1219 2572 ad
1240 2540 1280 2578 V,
1300 2540 1353 2574 5⁷·-
1375 2551 1408 2575 et
1427 2543 1504 2584 VH,
1526 2543 1578 2576 16.

193 2593 286 2628 Ann.
323 2593 401 2635 XII,
435 2597 488 2629 55.
530 2596 613 2636 (ubi
648 2596 693 2627 cs.
721 2596 862 2639 intpp.)
921 2605 996 2627 120.
1024 2597 1141 2639 fle-‚ue
1161 2598 1203 2629 ad
1232 2599 1366 2634 Tibull.
1398 2601 1444 2641 Π,
1471 2600 1502 2640 3,
1523 2599 1579 2632 60.

192 2651 291 2692 XIV,
323 2651 378 2683 65.
409 2653 501 2685 Plin.
538 2654 584 2684 Η.
625 2654 667 2685 Ν.
699 2652 859 2693 XXXIII,
919 2652 1064 2685 Cas-auh.
1101 2654 1142 2685 ad
1181 2656 1275 2690 Suet.
1307 2658 1427 2691 Octav.
1460 2669 1489 2691 c.
1519 2658 1577 2701 69.

195 2718 249 2742 1ο.
269 2708 361 2742 Plin.
385 2709 449 2753 Ep.
471 2710 552 2750 VII,
576 2720 627 2754 ²9·
652 2708 750 2753 Vm,
784 2708 813 2742 6.
1480 2714 1574 2750 Pliu.
