1798 3072
561 142 908 201 IN‘IVVEN.
946 155 1083 198 SAT.
1136 160 1170 199 1.
1535 160 1564 203 5

167 274 369 329 „Triplex
392 276 437 313 in
455 273 519 313 his
548 281 893 314 commemoratur
922 274 1214 313 recitationum
1245 287 1394 325 genus:
1432 276 1558 327 epica,

166 350 258 383 tum
289 343 520 395 tragoediae
565 350 605 382 et
640 343 755 394 elegi.
823 341 1070 394 Tragoedias
1117 342 1366 394 omninoque
1402 343 1558 382 fabulas

166 411 220 450 ad
260 411 459 462 agendum
511 411 754 464 compositas
792 410 962 450 recitari
999 423 1072 447 seu
1113 409 1318 461 praelegi,
1382 410 1561 449 Athenis

165 480 315 517 Atticis
336 479 507 518 florente
527 493 572 517 re
597 479 757 517 scenica
777 477 1010 517 inauditum
1033 477 1136 526 suit,
1177 477 1258 514 nisi
1290 491 1415 529 quum
1437 485 1561 529 poeta

164 544 408 594 διδάσκαλος
428 547 602 597 singulas
628 546 814 585 dramatis
838 552 974 598 partes
1008 544 1258 583 discentibus
1291 543 1560 585 histrionibus

165 613 286 652 docta
309 614 421 652 vocis
456 613 735 653 modulatione
767 614 973 665 praeibat,
1023 611 1092 651 vel
1125 611 1381 663 Antiphanes
1414 612 1558 664 aliquis

164 681 416 720 comoediam
441 680 492 719 ad
523 668 640 720 aures
671 680 900 720 Alexandri
929 682 1036 732 regis
1060 682 1168 720 intra·
1203 679 1450 718 domesticos
1483 693 1560 732 pa·-

160 749 287 787 rietes
317 749 517 788 recitabat
528 763 539 798 ;
585 763 705 801 quam
747 763 837 787 rem
872 748 1000 787 tradit
1037 748 1188 788 Athen.
1227 749 1299 787 lib.
1341 747 1462 785 XIII.
1496 761 1558 799 pr.

163 814 318 864 Contra
349 816 506 855 Romae
548 823 764 870 poetarum
803 816 1054 868 tragicorum
1096 816 1232 854 studia
1265 817 1310 854 in
1337 815 1559 864 ἐπιδείξεσι

161 885 476 923 continebantur
495 884 758 938 plerumque,
799 878 993 936 inprimis
1016 885 1090 922 sub
1117 884 1381 932 Caesaribus3
1422 883 1557 921 rarius

155 952 413 1003 tragoediae,
455 952 565 1005 apud
597 953 805 990 auditores
838 953 1032 990 recitatae
1072 966 1095 990 a
1121 952 1279 1004 poetis,
1318 952 1363 989 in
1393 963 1558 988 scenam

157 1019 494 1073 producebantur
539 1021 839 1072 agebanturque
881 1026 1000 1070 gestu
1040 1019 1308 1057 histrionum:
1349 1032 1452 1069 quae
1487 1030 1556 1054 res

156 1088 338 1138 pertinet
358 1088 407 1125 ad
431 1088 683 1126 decantatam
718 1088 829 1125 illam
862 1100 1005 1122 scenae
1047 1088 1224 1134 tragicae
1254 1084 1555 1134 neglectionem

158 1154 267 1205 apud
287 1154 504 1192 Romanos.
532 1167 570 1191 v.
602 1153 831 1202 Boettigcri
867 1152 1026 1190 Prolus.
1064 1166 1096 1189 a.
1138 1153 1254 1203 1798.
1292 1151 1342 1188 de
1378 1156 1555 1202 quatuor

156 1221 355 1261 aetatibus
377 1222 440 1259 rei
461 1222 642 1258 scenicae
663 1219 772 1271 apud
798 1226 960 1257 veteres
986 1234 1024 1270 p.
1065 1232 1125 1271 19.
1151 1225 1235 1256 not.
1271 1218 1447 1255 Serioris
1483 1231 1555 1255 ae-

156 1290 250 1327 tatis
274 1287 374 1340 quid
395 1286 524 1325 isthac
547 1288 592 1324 in
614 1301 659 1324 re
674 1287 890 1338 proprium
916 1286 1064 1335 suerit,
1108 1285 1269 1338 quando
1301 1299 1353 1323 ne
1374 1286 1554 1337 posteris

157 1356 324 1409 quidem
356 1355 503 1392 seculis
534 1354 761 1405 tragoedias
807 1354 1119 1406 comoediasque
1150 1367 1226 1405 per
1260 1354 1454 1391 ludorum
1484 1368 1554 1391 so-

154 1424 407 1463 lemnitatem
441 1423 486 1460 in
521 1436 642 1459 scena
674 1421 796 1459 edere
827 1421 948 1472 plane
987 1427 1186 1459 cessatum
1226 1429 1309 1469 est,
1356 1422 1553 1471 singulari

155 1492 368 1542 diligentia
402 1489 581 1527 ostendit
615 1489 682 1528 vir
714 1488 876 1526 doctiss.
911 1489 1021 1527 Petr.
1063 1489 1134 1526 Er.
1171 1487 1398 1535 Miillerus,
1436 1489 1553 1527 Pros.

154 1558 422 1607 HasniensiS,
463 1562 682 1595 comment.
709 1555 759 1594 de
784 1571 883 1595 aevo
904 1555 1111 1594 Theodos.
1143 1557 1188 1593 P.
1210 1556 1264 1593 It.
1287 1572 1325 1610 p.
1355 1556 1444 1596 134.
1468 1570 1552 1607 seq.

157 1627 243 1677 Qui
260 1633 354 1679 post
375 1624 603 1676 tragoedias
629 1638 754 1676 porro
780 1631 1154 1663 commemorantur
1175 1625 1309 1675 elegi,
1358 1622 1432 1661 hos
1454 1629 1554 1661 nota

154 1694 283 1733 Plinii
312 1693 485 1746 epistola
510 1692 606 1740 VII,
644 1705 706 1742 17.
740 1693 895 1730 omittit
926 1694 970 1731 iu
1000 1706 1173 1731 recensu
1207 1705 1397 1743 operum,
1445 1705 1552 1742 quo-

153 1774 249 1801 rum
272 1760 458 1800 recitatio
479 1766 569 1799 tum
606 1775 685 1799 usu
717 1767 883 1812 recepta
919 1761 1022 1809 suit3
1073 1762 1147 1798 etsi
1175 1759 1221 1797 hi
1254 1772 1438 1810 quoque,
1469 1771 1553 1796 non

154 1830 313 1879 minus,
353 1842 471 1881 quam
494 1828 644 1879 lyrica,
684 1842 784 1880 quae
805 1828 989 1880 profert,
1033 1841 1215 1874 causam,
1259 1827 1304 1862 iu
1327 1839 1406 1877 qua
1428 1831 1551 1862 tuen-

155 1897 205 1936 da
232 1898 323 1935 istic
348 1901 557 1943 versatur,
598 1895 897 1947 quodammodo
931 1896 1073 1932 iuvare
1103 1900 1304 1944 poterant.
1363 1892 1442 1930 Sed
1469 1893 1550 1929 ele-

149 1965 299 2019 gidia,
340 1971 387 2001 ut
405 1964 610 2010 lectitata,
652 1977 845 2014 expresse
876 1963 1061 2000 nominat
1092 1961 1257 1998 Persius
1279 1961 1361 1998 Sat.
1396 1961 1428 2008 Ι,
1455 1960 1550 1998 51.“

154 2054 207 2063 —-
237 2032 361 2069 Codri
393 2030 515 2068 huius
547 2043 632 2068 non
664 2031 761 2067 alibi
793 2030 840 2068 fit
872 2030 1052 2077 mentio,
1099 2028 1180 2067 nisi
1214 2028 1325 2065 sorte
1357 2028 1432 2065 ins.
1472 2026 1550 2073 III,

152 2100 234 2137 203
259 2112 342 2150 seq.
373 2099 467 2146 (ubi
486 2104 623 2135 tamen
643 2111 727 2135 non
761 2097 811 2134 de
845 2097 951 2135 malo
982 2102 1127 2148 poeta,
1179 2101 1228 2133 ut
1251 2094 1290 2132 h.
1317 2096 1366 2142 1.,
1404 2094 1474 2132 sed
1499 2093 1550 2131 de

151 2180 333 2219 paupere
355 2164 545 2213 homine,
583 2171 632 2202 ut
655 2165 794 2202 selsan
815 2179 876 2215 ap.
901 2164 1080 2201 Martial.
1108 2163 1162 2211 II,
1187 2163 1299 2211 57,4
1304 2192 1312 2199 .
1348 2162 1400 2208 V,
1425 2163 1489 2209 24,
1511 2162 1547 2199 8.

151 2234 205 2283 V,
225 2246 291 2283 27.
319 2233 381 2285 agi
402 2232 590 2280 videtur)
622 2237 664 2268 et
684 2245 746 2283 ap.
768 2232 946 2269 Ma1tial.
970 2231 1043 2279 IV,
1066 2243 1132 2282 29,
1158 2232 1193 2268 8.
1217 2230 1288 2267 ubi
1320 2244 1343 2266 a
1367 2228 1550 2279 81111νο-

151 2315 200 2340 ro
230 2302 296 2347 (in
317 2300 559 2351 Sealigeran.
597 2313 636 2350 p.
662 2301 751 2348 77.)
780 2313 856 2351 pro
891 2301 1060 2346 Mmso,
1100 2299 1172 2350 qui
1206 2299 1391 2349 egiegius
1425 2302 1549 2349 poeta

154 2369 234 2407 fuit
256 2374 296 2405 et
316 2368 394 2419 ipsi
425 2367 606 2405 Martiali
640 2368 789 2418 passim
821 2366 1035 2410 laudatur,
1085 2366 1241 2403 Codrus
1272 2366 1550 2412 substituitur,

153 2436 270 2488 prob.
292 2436 502 2473 Henninio
541 2434 590 2472 ad
613 2433 653 2472 h.
680 2435 706 2472 1.
739 2435 811 2471 ubi
840 2434 1078 2471 'l'lzeseiclem
1109 2433 1211 2471 dicit
1247 2439 1287 2471 et
1318 2434 1549 2471 Amazoni-

154 2504 245 2540 ἄρηι
266 2516 393 2541 unum
428 2502 538 2540 sorte
572 2501 763 2553 idemque
798 2515 899 2553 opus
935 2502 1085 2549 fuisse,
1133 2508 1176 2538 et
1206 2500 1428 2547 rationem,
1472 2513 1547 2539 cur

152 2569 412 2609 Amazonidis
447 2583 597 2606 nomen
631 2568 827 2608 Theseidi
863 2569 1043 2620 potuerit
1078 2569 1322 2616 convenire,
1371 2581 1424 2605 ex
1456 2567 1548 2618 ipsa

154 2626 307 2675 Thesei
329 2636 503 2674 historia
519 2637 689 2688 liquere.
712 2635 776 2674 Cf.
790 2636 1018 2674 Var.Lect.
1121 2637 1244 2674 rauci
1265 2635 1475 2673 recitando
1503 2641 1546 2672 et

157 2704 391 2754 clamando,
443 2710 492 2743 ut
512 2705 574 2743 VI
584 2733 596 2754 ‚
635 2705 727 2744 515.
747 2704 927 2743 Martial.
951 2704 1026 2748 IV,
1065 2705 1102 2753 8,
1127 2715 1166 2742 2.
1200 2703 1257 2753 X,
1284 2705 1322 2752 5,
1344 2703 1382 2742 4.
1441 2701 1545 2740 Car-
