1686 3089
552 144 629 187 IN
669 141 1086 184 1vaN.·sAT.
1129 143 1183 183 x.
1485 143 1568 195 571

185 261 322 299 ebrius
347 260 709 300 Sostratusinimis
732 260 814 298 alte
836 259 988 297 {volans
1018 260 1231 297 veritatem
1269 258 1469 311 fidemque
1499 257 1570 297 111-

180 329 331 369 storiae
368 328 612 376 excesseritJ
659 329 728 366 alii
763 341 864 366 vero
905 327 956 365 ad
992 340 1131 365 veram
1169 327 1421 375 ebrietatem,
1461 341 1567 378 quae

181 396 370 435 eumdem
407 397 655 448 produxerit
688 395 901 442 effectum,
940 395 1156 433 referunt:
1194 404 1287 432 113111
1313 394 1508 432 madidas
1539 408 1577 432 sa

180 464 350 502 madens
389 471 431 502 et
465 464 733 516 βεβρεγμένος
765 463 914 514 passim
956 462 1107 501 dicitur
1135 462 1285 500 ebrius.
1322 476 1361 499 v.
1393 462 1443 500 ad
1474 462 1574 510 XV,

181 533 248 581 47.
310 533 459 569 Sensus
484 531 634 569 horum
666 531 887 569 verborum
917 530 1076 581 planior
1112 530 1225 567 soret
1255 536 1296 567 et
1330 531 1502 578 certior,
1539 530 1576 567 si

189 605 425 647 constaret,
477 600 605 650 qualis
647 598 771 636 homo
818 597 948 636 suerit
991 597 1214 645 Sostratus,
1264 603 1406 634 utrum
1444 598 1590 635 malus*

185 665 455 714 declamator,
499 680 549 703 an
579 672 724 723 poeta,
762 680 813 703 an
846 672 980 713 vates,
1011 679 1069 703 ,311
1109 665 1350 715 aretalogus.
1466 665 1577 703 Alae

183 739 322 771 tamen
355 748 384 770 s.
417 734 564 770 axillae
594 733 780 770 madidae
825 747 900 770 cur
932 733 1172 771 tribuuntur
1224 733 1387 771 vatibus
1433 731 1581 769 surore

185 800 326 843 divino
353 801 581 853 correptis?
609 807 650 837 et
671 812 744 838 cur
767 802 921 838 ebriis?
987 800 1248 838 Probabilior
1277 805 1339 837 est
1369 799 1581 850 interpre-

183 868 284 906 tatio
307 869 431 906 Hein.
462 869 698 916 „madidae
720 869 814 905 alae
847 874 953 915 sunt,
984 869 1129 918 quibus
1153 867 1324 905 tendere
1339 879 1423 904 non
1444 870 1583 916 potest

183 936 231 974 in
270 937 371 975 altos
403 937 573 974 nubium
598 942 772 983 tractus,
810 935 932 986 (Hor.
958 935 1036 973 Od.
1059 936 1133 983 IV,
1157 947 1196 982 2,
1219 935 1307 985 27.)
1339 933 1435 985 quia
1457 932 1584 971 nimis

185 1017 290 1055 aqua
312 1011 577 1055 premuntur,
602 1017 704 1054 quae
723 1004 906 1041 volatum
939 1002 1134 1054 impedit;
1174 1003 1383 1052 igiturque
1406 1000 1585 1038 'Sostra-

185 1076 277 1108 tum
300 1071 453 1108 matum
477 1071 605 1108 fuisse
626 1077 811 1122 poetam,
851 1071 1080 1108 certissime
1114 1070 1251 1120 colligi
1287 1081 1406 1120 posse
1441 1066 1587 1118 puto.“

310 1150 399 1189 179.
458 1138 533 1175 Ille
557 1147 695 1176 tamen
721 1139 925 1176 barbaras
953 1152 1043 1186 rex,
1071 1138 1250 1184 Xerxes,
1279 1137 1434 1189 qualis,
1459 1148 1582 1186 quam

189 1205 303 1257 turpi
322 1206 439 1256 suga,
469 1206 597 1244 rediit
618 1208 663 1244 in
686 1219 858 1256 regnum
885 1219 1024 1253 suum,
1055 1205 1268 1242 Salamine
1307 1204 1477 1250 relicta,
1517 1201 1588 1240 vi·-

189 1280 278 1311 ctus
299 1273 350 1312 ad
366 1274 575 1311 Salamina
601 1272 950 1311 avThemistocle:
992 1273 1051 1323 (v.
1076 1270 1279 1309 Herodot.
1315 1270 1411 1307 VII.
1445 1269 1589 1320 Nepos

190 1346 239 1379 et
262 1341 440 1379 Plut..a'n
460 1338 687 1390 Themist.)
715 1341 786 1378 ille
807 1341 979 1378 stolidus
1001 1354 1046 1377 ac
1068 1339 1266 1390 superbus
1298 1350 1398 1384 reat,
1443 1337 1586 1381 (cuias

192 1410 440 1446 invnombne.
471 1409 669 1459 superbia
711 1417 750 1446 et
784 1410 1031 1459 impotentia
1072 1406 1268 1455 habitat,
1306 1404 1444 1442 Valer.
1470 1402 1589 1440 IVIax.

190 1476 268 1524 IX,
306 1477 342 1514 5.
373 1483 457 1513 ext.
493 1477 556 1524 2.)
585 1476 656 1527 qui
680 1481 820 1523 antea,
855 1489 981 1526 quum
1005 1474 1248 1520 audivisset,
1277 1476 1470 1524 pontem,
1503 1483 1589 1522 quo.

188 1543 395 1595 iunxisset
417 1544 756 1594 Hellespontum,
786 1548 1029 1594 tempestate
1050 1542 1229 1590 solutum
1259 1552 1370 1588 esse,
1401 1539 1589 1586 iusserat,

194 1611 296 1648 Coro
337 1617 458 1663 atque
477 1611 616 1654 Euro,
655 1608 696 1646 11.
722 1623 755 1647 0.
774 1611 936 1654 ventis,
976 1616 1160 1648 trecenta
1191 1607 1323 1658 infligi
1346 1606 1522 1644 verbera
1550 1610 1593 1643 et.

192 1679 307 1716 binas
330 1679 373 1715 in
402 1678 514 1715 mai-e
540 1677 657 1714 iniici
678 1677 920 1728 compedes,
959 1678 1157 1728 glorians,
1194 1675 1274 1712 sibi
1292 1687 1375 1710 non
1398 1671 1521 1711 modo
1546 1672 1594 1710 in

195 1751 343 1782 ventos
383 1758 429 1782 ac
471 1745 620 1792 maria,
668 1743 741 1780 sed
785 1745 831 1781 111
865 1746 1001 1795 ,ipsum
1052 1756 1217 1795 quoque
1259 1741 1592 1790 Ennosigaeum,

196 1811 461 1862 Neptunum,
504 1811 769 1862 compedibus
807 1825 830 1848 a
861 1825 904 1848 se
929 1814 1136 1854 vinctam,
1166 1810 1388 1860 imperium
1421 1820 1521 1844 esse.
1552 1819 1592 1846 V.

196 1879 400 1917 Herodot.
424 1879 520 1928 VII,
548 1879 616 1917 54.
644 1879 709 1916 35.
735 1879 807 1929 qui
829 1884 968 1915 tamen
993 1879 1035 1915 111
1056 1891 1168 1915 mare
1192 1877 1405 1918 Xerxem)
1433 1887 1519 1911 non
1540 1873 1587 1911 in

197 1953 343 1985 ventos
374 1948 565 1985 saeviisse
606 1945 779 1997 flagellis
811 1953 963 1985 narrat.
1020 1945 1085 1983 Cs.
1113 1945 1256 1982 Senec.
1280 1943 1330 1980 de
1351 1947 1476 1979 const.
1505 1954 1589 1991 sap.

200 2028 234 2052 c.
254 2017 305 2052 ,4.
337 2022 379 2053 et
403 2013 536 2053 Valer.
563 2015 676 2052 Max.
701 2014 778 2063 ΠΙ,
807 2026 842 2051 2.
867 2021 949 2051 ext.
977 2015 1014 2051 3.
1135 2014 1226 2050 180.
1258 2012 1405 2049 Coram
1439 2014 1483 2046 et
1501 2009 1594 2045 Eu·-

202 2095 294 2119 rum
305 2110 318 2127 ,
350 2089 494 2120 ventos
518 2081 768 2130 contrarios,
796 2082 901 2119 bene
919 2081 1056 2132 posuit
1077 2086 1222 2131 poeta,
1261 2085 1467 2129 tamquam
1488 2083 1598 2114 tem-

202 2157 400 2200 pestatem
447 2152 695 2188 excitantes:
754 2163 871 2186 corus
918 2150 1041 2186 etiam
1088 2163 1118 2185 s.
1159 2160 1331 2190 caurus,
1364 2140 1599 2198 (α’ργέστης,

204 2218 452 2265 Abrdwest)
506 2225 654 2256 ventus
702 2215 1009 2265 vehementior,
1062 2215 1172 2253 unde
1219 2215 1264 2251 in
1309 2216 1599 2263 tempestatum

207 2284 551 2336 descriptionibus
591 2285 747 2324 mentio
791 2285 877 2322 eius
913 2284 1005 2321 fieri
1041 2283 1156 2320 solet.
1184 2304 1239 2311 —-
1329 2281 1419 2319 181.
1449 2279 1602 2316 Facete

207 2359 329 2402 poeta
363 2353 484 2402 dicit,
526 2359 670 2391 ventos
711 2366 735 2388 a
767 2365 865 2401 rege
912 2365 987 2388 suo
1015 2351 1145 2388 Aeolo
1187 2362 1272 2387 non
1304 2353 1388 2385 tam
1417 2346 1521 2384 male
1554 2358 1602 2382 30

207 2420 433 2458 crudeliter
482 2421 670 2468 tractari,
723 2433 844 2471 quam
889 2434 912 2457 a
957 2419 1070 2457 fatuo
1110 2418 1280 2456 Xerxe:
1331 2413 1440 2454 unde
1472 2413 1598 2451 etiam

212 2482 414 2541 barbams
435 2487 475 2529 11.
499 2489 524 2525 1.
545 2502 630 2526 11011
651 2493 736 2525 tam
770 2488 1031 2538 peregrinus,
1072 2492 1238 2522 exterus
1266 2496 1368 2530 rex,
1408 2480 1600 2532 (vulgare

214 2555 426 2605 epitheton
449 2556 606 2594 Xerxis
631 2569 692 2607 ap.
713 2555 930 2599 Herodot„
958 2552 1146 2604 Thucyd.
1172 2558 1214 2589 et
1238 2547 1362 2602 Nep.)
1385 2562 1507 2602 quam
1526 2561 1604 2586 ru·-

214 2621 275 2659 dis
290 2653 300 2670 ,
331 2623 599 2672 inhumanus,
629 2635 799 2669 saevus,
898 2623 1018 2659 Aeoli
1039 2635 1182 2658 carcer
1195 2647 1208 2666 ,
1251 2617 1366 2656 sedes
1393 2622 1436 2654 et
1463 2615 1601 2666 impe-

210 2692 320 2729 rium
352 2692 419 2730 vel
450 2692 655 2731 tironibus
698 2697 794 2729 nota
826 2703 881 2728 ex
914 2690 1029 2741 Virg.
1063 2688 1165 2728 Aen.
1200 2687 1238 2734 I,
1273 2687 1323 2727 51
1348 2697 1434 2736 seq.
1453 2682 1527 2721 ubi
1548 2681 1602 2720 cf.
