1686 3089
466 176 543 220 IN
581 179 815 225 IVVEN.
861 177 1018 224 SAT.'
1056 181 1130 223 111.
1406 181 1496 222 “123

97 296 238 339 -Tarr,
287 293 456 346 Hispan.
499 295 663 348 Adufe,
713 295 871 346 lignum
915 296 1158 335 excavatum
1190 296 1384 348 corioque
1418 295 1497 334 ob-'

111 362 300 410 ductum,
342 362 451 414 quod
481 364 687 412 manibus,
726 377 750 400 a
783 363 1011 413 virginibus
1042 364 1308 415 plerumque,
1355 362 1496 414 pulsa-

105 429 250 478 batur,
293 432 346 466 'et
380 443 686 482 nonnumquam
719 431 763 469 in
804 430 980 468 laterum
1021 429 1216 468 incisuris
1250 427 1346 466 hinc
1379 429 1494 466 illinc

107 497 355 547 crepitacula
375 511 498 535 aenea
521 496 717 546 habebat,
759 512 861 551 quae
884 499 929 535 in
951 498 1113 535 axiculo
1142 498 1254 534 inter
1292 509 1334 532 se
1356 496 1497 536 collisa

95 563 260 601 -tinnitu
309 578 382 602 suo
430 564 611 601 suaviter
648 565 927 617 temperabant
969 563 1198 614 complosae
1238 563 1497 601 membranae

107 630 296 681 boatum3
335 632 652 669 instrumentum
679 632 904 676 musicum,
943 631 987 668 in
1013 630 1186 667 Oriente
1209 630 1499 682 frequentissi-

106 711 231 745 mum,
259 697 387 750 (unde
406 698 447 737 h.
470 699 496 736 l.
515 701 718 750 gentilia)
742 706 784 736 et
805 698 902 736 inde
921 699 965 736 in
976 697 1215 750 Hispaniam
1231 697 1499 745 .translatum,

106 765 216 816 quod
242 766 285 803 in
308 766 426 804 sestis
446 766 709 817 potissimum
725 767 792 804 vel
809 766 924 803 laetis
947 765 1089 803 diebus
1111 779 1161 802 ac·
1180 764 1386 816 tripudiis,
1414 778 1501 803 non

105 845 207 870 vcro
240 833 285 870 in
316 833 433 871 bellis
444 860 456 880 ,
502 831 796 881 adhibebatur,
857 834 1042 885 variique
1070 833 1228 883 generis
1261 845 1305 869 ae
1341 831 1504 870 formae

107 905 219 938 erat:
262 914 300 938 v.
327 914 361 938 c.
388 899 517 950 illud,
557 913 636 951 quo
660 901 706 938 in
728 901 852 938 sacris
877 899 1050 950 Cybeles
1077 906 1118 938 et
1150 898 1302 937 Bacchi
1326 900 1502 937 uteban—

94 973 207 1016 ztur,
242 967 294 1004 ad
326 967 454 1005 cribri
488 967 802 1006 similitudinem
840 967 1042 1011 effictum,
1098 967 1149 1004 de
1188 981 1269 1018 quo
1292 959 1501 1021 vJIsidor.

108 1033 224 1085 Orig.
254 1035 329 1083 III,
359 1047 427 1073 21.
468 1040 510 1072 et
538 1048 767 1073 monumm.
816 1041 914 1073 antt.
957 1034 1057 1072 Inde
1087 1035 1353 1085 intelligitur,
1401 1033 1503 1076 haec

107 1107 299 1153 tympana
321 1115 405 1139 non
424 1102 544 1152 plane
567 1102 826 1153 respondisse
846 1102 895 1140 iis
919 1102 1221 1149 instrumentis,
1262 1115 1365 1152 quae
1384 1102 1503 1139 nobis

104 1167 235 1206 hodie
263 1170 439 1207 Pcczcken
470 1175 513 1206 et
553 1171 807 1214 Trommeln,
862 1169 992 1207 Gallis
1026 1168 1283 1219 tcimbourins
1321 1175 1361 1206 et
1391 1178 1504 1209 tam,-

110 1237 232 1275 bears
255 1236 461 1275 dicuntur.
485 1231 524 1254 ¹²
553 1259 610 1268 --
666 1237 731 1275 65.
765 1236 944 1286 Quidam
966 1235 1006 1273 h.
1041 1236 1068 1273 l.
1099 1236 1425 1287 interpretantur
1451 1234 1504 1274 de

108 1304 349 1357 prostibulis
373 1303 569 1347 scenicis,
613 1317 715 1355 quae
737 1303 966 1351 theatrum,
1002 1304 1127 1340 immo
1151 1316 1314 1341 scenam
1338 1310 1379 1340 et
1402 1308 1506 1354 pro-:J

113 1371 300 1411 scenium
325 1370 586 1418 obsidebant3
617 1371 673 1419 (v.
694 1371 809 1423 Lips.
835 1371 965 1408 Elect.
991 1370 1023 1418 I,
1055 1367 1133 1420 11.)
1160 1368 1404 1408 Plathnerus
1427 1385 1504 1409 ve·-

106 1451 159 1477 rro
195 1452 280 1476 non
309 1438 415 1476 male
445 1438 497 1475 de
521 1439 745 1476 ambubaiis
770 1438 923 1489 Syriis,
972 1437 1199 1488 peregrinis
1231 1438 1398 1485 scortis,
1448 1436 1504 1490 (v.

110 1505 225 1542 Suet.
245 1504 345 1543 Ner.
371 1517 437 1555 27.
474 1511 516 1542 et
547 1506 694 1544 Horat.
731 1506 813 1542 Sat.
847 1503 880 1551 Ι,
913 1516 951 1552 2,
980 1507 1033 1549 1.)
1065 1503 1136 1540 sed
1173 1505 1326 1542 rectius
1360 1505 1430 1544 alii
1452 1505 1506 1544 de

111 1572 398 1611 meretricibus
422 1572 743 1620 Submoenianis,
764 1571 815 1610 ad
836 1571 1103 1609 Moenianum
1125 1571 1198 1618 (al.
1224 1570 1507 1624 Maeuianum)

110 1639 340 1678 aedificium
363 1640 408 1676 in
431 1640 550 1677 Circo
568 1640 870 1691 prostantibzw.
897 1636 929 1660 ¹³
1039 1647 1227 1691 prostare
1240 1665 1255 1682 ,
1293 1652 1332 1676 v.
1358 1639 1409 1678 ad
1433 1639 1508 1689 VI,

115 1709 205 1746 123.
231 1729 282 1736 —-
305 1707 370 1746 66.
428 1708 488 1744 Ite
523 1708 566 1746 in
599 1708 744 1745 malam
777 1707 885 1745 rem!
926 1705 992 1744 Cf.
1032 1705 1083 1743 ad
1102 1706 1176 1753 VI,
1199 1706 1293 1744 306.
1407 1707 1505 1744 bar-

111 1775 217 1814 bara
253 1776 375 1825 lupa,
428 1774 532 1825 Syra
564 1775 788 1823 meretrix,
834 1788 927 1812 cum
962 1775 1090 1812 mitra
1125 1771 1327 1824 Phrygia,
1379 1773 1508 1813 fascia

112 1842 254 1895 capitis
279 1847 321 1879 ct
341 1841 618 1892 redimiculis,
651 1845 777 1893 picta
799 1855 885 1879 acu.
915 1838 954 1863 ¹⁴

162 2041 215 2064 12.
236 2029 292 2063 Cf.
310 2030 448 2063 Luci-et.
468 2030 513 2070 Π,
541 2029 618 2063 618.
642 2030 780 2074 Ioseph.
888 2031 940 2064 15.
965 2027 1021 2062 Cf.
1043 2027 1168 2061 Isidor.
1181 2027 1313 2070 XVIII,
1329 2026 1385 2061 42.
1404 2028 1505 2063 Mar-

114 2087 212 2121 Antt.
232 2087 307 2119 lud.
325 2087 404 2127 VH,
439 2098 490 2119 12.
511 2086 595 2130 §.12
631 2088 731 2121 Suid.
749 2100 782 2121 v.
837 2088 912 2120 tial.
940 2087 965 2125 1,
991 2083 1046 2125 35,
1073 2086 1103 2117 (ἶ.
1130 2085 1192 2125 ΠΙ,
1219 2084 1272 2123 82,
1295 2098 1327 2118 2.
1368 2085 1430 2127 XI,
1451 2084 1506 2126 62,

113 2143 311 2189 τύμπανον,
366 2144 611 2177 Montfaucon.
658 2144 778 2187 Antiq.
837 2155 870 2176 2.
895 2142 1049 2184 X11,52,
1074 2152 1129 2174 22.
1156 2140 1272 2185 lntpp.
1311 2142 1409 2175 Suet.
1434 2143 1505 2175 Ca-

111 2202 217 2245 Expl.
241 2201 283 2232 T.
312 2201 378 2234 ΙΙΙ.
412 2213 446 2244 p.
472 2200 551 2233 54³3.
590 2213 628 2232 ac
653 2200 778 2245 Suppl.
837 2203 900 2243 lig.
921 2198 974 2232 18.
1025 2199 1153 2232 Ascou.
1180 2198 1222 2230 ad
1252 2199 1326 2231 Cic.
1353 2201 1389 2231 in
1413 2197 1507 2230 Cae·-

111 2260 155 2293 T.
182 2259 249 2292 ΙΙΙ.
281 2270 315 2301 p.
347 2268 423 2302 197.
453 2265 487 2288 et
513 2259 573 2299 qui
606 2266 679 2290 tam
715 2258 780 2290 de-
838 2259 898 2290 cil.
929 2257 984 2290 16.
1011 2265 1044 2288 et
1070 2255 1112 2287 de
1139 2255 1191 2287 his
1223 2256 1345 2287 scortis
1373 2265 1414 2287 ex
1438 2255 1508 2299 Sy-

85 2319 88 2322 *
117 2318 321 2361 scriptiones
362 2322 631 2358 tympanorum,
673 2327 781 2358 quam
837 2317 889 2348 ria
909 2313 1061 2346 advectis
1098 2314 1256 2357 Propert.
1291 2312 1339 2352 II,
1367 2313 1421 2353 25,
1451 2324 1508 2345 21.

115 2376 242 2417 figuras
298 2372 369 2404 aeri
423 2373 547 2404 incisas
605 2373 781 2414 exhibent,
839 2374 898 2415 qui
934 2371 1037 2404 dicit:
1094 2380 1186 2415 quas
1220 2368 1427 2412 Euphrates
1471 2377 1509 2405 et

121 2430 253 2463 Shaw⁷s
279 2429 423 2461 Travels
454 2441 490 2471 p.
528 2429 605 2473 263.
630 2431 781 2463 Russel’s
837 2440 931 2475 quas
956 2427 1056 2460 misit
1088 2426 1258 2457 Orontes.

119 2488 265 2523 Natural
289 2487 428 2529 History
453 2485 492 2517 of
506 2486 644 2529 Aleppo
670 2498 704 2529 p.
725 2485 781 2530 94.
887 2486 937 2518 14.
966 2496 997 2516 v.
1012 2482 1055 2515 ad
1066 2482 1111 2523 Π,
1134 2481 1190 2513 84.
1209 2481 1330 2525 Heyne
1356 2482 1507 2527 adVirg.

118 2546 175 2592 95.
206 2544 276 2576 tab.
308 2542 360 2575 14.
407 2541 582 2575 Niebuhrs
617 2544 786 2577 Reisebe-
842 2542 930 2575 Aen.
957 2541 1022 2581 IV,
1048 2539 1125 2571 216.
1151 2537 1214 2579 IX,
1235 2537 1316 2571 616.
1352 2538 1450 2573 idem
1477 2550 1510 2575 et

120 2601 270 2634 schreib.
288 2600 330 2632 T.
357 2598 385 2631 I.
422 2610 457 2641 p.
495 2598 570 2631 180.
616 2600 689 2634 181.
714 2602 785 2634 tab.
845 2599 976 2640 Scalig.
1005 2596 1047 2629 ad
1066 2597 1165 2638 Virg.
1191 2597 1277 2640 Cop.
1298 2608 1329 2631 v.
1359 2610 1389 2631 1.
1416 2596 1508 2629 Gie-

125 2657 182 2694 26.
206 2668 260 2700 27.
283 2657 324 2690 T.
352 2657 402 2689 ΙΙ.
420 2668 456 2699 p.
480 2654 538 2689 84.
564 2657 638 2702 175.
665 2657 788 2702 Amiq.
843 2657 899 2698 rig
932 2654 975 2686 ad
1020 2653 1124 2685 Ovid.
1161 2653 1246 2685 Met.
1293 2653 1387 2696 XIV,
1426 2653 1506 2689 654.

122 2712 312 2748 Herculan.
338 2713 379 2746 T.
408 2713 456 2748 ΙΙ.
479 2714 551 2748 tab.
573 2725 628 2748 20.
843 2710 1056 2747 werusdorf
1090 2711 1186 2746 Poet.
1212 2710 1302 2745 Min.
1335 2710 1378 2744 Τ.
1400 2709 1449 2748 ΙΙ.
1473 2721 1510 2756 p.
