1686 3089
140 115 227 174 298
549 112 1130 155 COMMENTARIVS

141 246 211 271 um
230 232 298 272 usi
330 239 451 270 sant.-
504 231 735 282 Campani,
775 230 828 267 ab
859 228 1056 279 superbia
1078 235 1118 264 et
1141 224 1235 269 odio
1258 222 1530 270 Samnitium

138 300 397 352 gladiatores
441 298 586 351 (quod
619 298 902 349 spectaculum
933 298 1041 333 inter
1070 294 1217 345 epulas
1249 291 1354 345 erat)
1383 307 1427 331 eo
1462 307 1532 330 or-

145 376 251 405 nata
280 375 497 406 armarant
524 366 856 416 Samnitiumque
888 365 1054 400 nomine
1087 361 1394 411 compellarunt.
1445 360 1532 398 Ea—

143 434 237 477 dem
268 435 425 485 itaque,
467 448 570 486 quae
603 432 644 470 h.
673 432 698 470 1.
709 460 719 479 ,
750 444 861 467 arma
890 435 1171 471 memorantur
1203 442 1226 465 a
1257 427 1408 475 Livio,
1446 440 1532 465 non

141 515 243 542 vere
278 504 495 550 manicae,
536 500 608 538 sed
640 499 809 537 tzmicae
826 512 841 542 ,·
877 502 920 534 et
941 497 1002 534 ita
1019 496 1059 534 h.
1085 497 1111 534 1.
1134 500 1249 534 recte
1273 495 1410 532 forsan
1435 494 1536 543 legit

142 575 227 609 vet.
260 568 420 616 SchoL,
456 569 538 606 nisi
560 569 750 604 manicae
776 579 859 603 non
883 571 978 602 suut
1003 562 1264 606 chirothecae
1287 574 1317 598 s.
1344 559 1535 615 χειρίδες,

143 650 340 679 manuum
364 636 566 687 tegmina,
594 647 696 685 quae
721 633 886 671 seminis
913 631 1099 684 quidem,
1135 644 1218 669 non
1249 641 1349 666 vero
1380 625 1537 678 gladia-

144 706 304 743 toribus
327 704 371 741 in
395 716 472 740 usu
496 702 622 739 fuisse
648 701 851 748 novimus,
882 698 901 749 ζ
909 713 942 738 v.
956 706 1093 737 tamen
1105 698 1263 741 Ruben.
1278 698 1329 737 R.
1343 699 1396 737 V.
1429 711 1461 746 1,
1478 695 1535 751 4.)

144 773 219 820 sed
266 772 429 816 tunicae
470 770 694 807 manicatae
735 783 769 808 s.
803 769 1081 814 manuleatae,
1122 767 1357 820 χειριδωτοῖ
1369 797 1381 814 ,
1425 760 1538 817 quod

147 855 273 892 genus
297 840 459 884 tunicae
485 836 650 874 mollius
670 841 758 873 erat
782 835 1029 886 feminisque
1053 834 1185 884 aptius
1209 846 1330 885 quam
1358 833 1470 870 viri&
1497 827 1537 851 ⁶⁸

147 910 309 946 Tunica
350 919 450 944 vero
484 917 610 956 eaque
647 903 734 940 sola
763 902 901 940 induti
936 908 1054 940 erant
1088 901 1267 947 retiarii,
1310 899 1368 948 (v.
1404 900 1454 937 ad
1483 898 1538 947 II,

149 978 240 1016 143.
262 982 304 1013 et
317 974 433 1020 VIII,
460 984 541 1010 200
558 970 738 1018 —208.)
770 976 811 1007 et
836 969 977 1007 forsan
995 969 1076 1016 galil
1100 982 1262 1019 quoque
1274 968 1530 1018 gladiatores·

148 1043 214 1081 Cf.
233 1043 284 1080 ad
302 1055 340 1080 v.
365 1040 458 1078 265.
550 1038 693 1076 Craris
713 1038 879 1073 sinistri
900 1035 1123 1072 dimidium
1137 1037 1318 1086 tegimen,
1334 1049 1362 1071 s.
1377 1044 1540 1086 tegmen

147 1125 279 1158 ocrea,
308 1123 387 1160 qua
412 1106 634 1144 dimidiam
660 1117 753 1141 crus
778 1102 1009 1153 tegebatur,
1042 1108 1083 1139 et
1110 1103 1276 1154 quidem
1306 1105 1539 1145 sinistram,

147 1177 256 1231 quod
271 1178 314 1215 in
324 1182 458 1227 pugna
467 1173 533 1211 ve]
549 1171 772 1209 certamine
790 1168 986 1220 singulari
995 1169 1272 1220 protenditur.
1287 1166 1327 1190 ⁶9
1370 1168 1541 1220 Reliqui

149 1245 393 1297 gladiatores
432 1242 544 1290 (vet.
578 1238 714 1276 Schol.
742 1237 918 1274 Retiarii
940 1241 1012 1273 aut
1037 1235 1285 1288 secutores)
1316 1243 1541 1288 utrumque

149 1326 244 1351 crus
268 1311 398 1352 ocreis
417 1308 634 1359 tegebant,
665 1304 776 1343 unde
801 1318 902 1342 mox
924 1310 1046 1355 poeta
1063 1317 1202 1341 ocreas
1225 1305 1269 1343 in
1295 1305 1401 1356 plur.
1427 1317 1542 1344 num.

151 1381 268 1423 dixit.
301 1400 356 1407 —
391 1379 429 1418 si
460 1389 571 1413 uxor
605 1374 773 1411 diversa
804 1385 827 1408 a
863 1371 1107 1409 Samnitium
1138 1385 1298 1422 pugna,
1336 1371 1405 1410 vel
1429 1371 1544 1409 varia

147 1447 324 1485 aliorum
347 1442 641 1494 gladiatorum,
677 1439 842 1489 proelia
865 1438 1066 1481 movebit,
1089 1439 1267 1480 ,aliamve
1290 1445 1539 1477 armaturam

149 1515 298 1564 eliget,
336 1510 518 1560 elegerit.
583 1507 749 1545 Ironice
768 1511 924 1553 autem,
959 1511 1008 1542 ut
1040 1506 1218 1557 reliqua:
1280 1515 1345 1554 tto,
1383 1506 1544 1552 marite,

139 1582 258 1634 filix
289 1575 585 1630 praedicandus
617 1587 681 1621 eS,
721 1573 912 1624 quoniam
941 1578 1030 1610 tum
1051 1587 1160 1611 uxor
1184 1587 1268 1611 non
1292 1587 1437 1621 unam,
1467 1572 1540 1610 sed

149 1649 290 1702 plures
317 1657 455 1689 ocreas
477 1643 521 1681 in
537 1641 726 1680 auctione
750 1639 904 1677 vendit.
1012 1641 1183 1691 puella,
1227 1654 1368 1679 uxore
1400 1640 1544 1678 adole-

151 1713 348 1761 scentula.
372 1725 410 1750 v.
432 1710 483 1748 ad
501 1710 556 1757 II,
580 1710 644 1759 59.

264 1782 358 1820 258.
391 1792 428 1830 9.
484 1775 665 1814 Eaedem
698 1774 917 1821 mulieres,
962 1787 1064 1825 quae
1099 1774 1288 1814 virorum
1331 1775 1461 1814 robur
1503 1781 1545 1816 et

153 1846 498 1892 exercitationes,
529 1842 653 1881 etiam
684 1840 943 1890 inhonestas,
983 1847 1192 1883 sectantur
1229 1849 1271 1881 et
1300 1848 1383 1881 tam
1417 1843 1544 1880 sorti-

151 1925 219 1964 ter
253 1928 365 1956 arma
396 1916 596 1959 tractant,
639 1923 715 1947 nee
745 1909 878 1947 ullum
921 1909 965 1946 in
997 1909 1110 1960 turpi
1144 1909 1328 1949 facinore
1358 1911 1544 1948 sentiunt

151 1987 356 2033 laborem,
396 1980 442 2018 in
477 1978 566 2016 aliis
600 1977 722 2015 rebus
748 1975 1087 2027 temporibusque
1110 1976 1330 2016 femineam
1363 1978 1548 2030 produnt

154 2051 375 2093 mollitiem
409 2053 450 2084 et
483 2051 567 2083 tam
606 2044 801 2081 delicatae
837 2049 954 2091 sunt,
992 2049 1041 2080 ut
1074 2044 1323 2086 tenuissimis
1367 2047 1546 2086 vestibus

151 2119 321 2159 indutae
355 2114 515 2154 sudent.
573 2110 637 2148 Cf.
661 2111 693 2158 I,
716 2123 767 2159 27
785 2123 918 2162 *⁶29-
942 2116 984 2149 et
1006 2110 1057 2148 ad
1079 2111 1132 2159 II,
1158 2112 1208 2151 65
1240 2127 1324 2164 seq.
1346 2134 1397 2142 —-
1449 2112 1544 2165 259.

156 2188 329 2237 Cycla-5,
367 2175 543 2228 κυκλοῖς,
574 2179 714 2216 tunica
747 2177 983 2225 muliebris,
1021 2179 1137 2216 cuius
1171 2194 1286 2217 oram
1319 2187 1547 2218 extremam

156 2253 358 2294 ambiebat
382 2246 607 2301 paragauda
629 2262 660 2283 s·
684 2245 833 2284 limbus
847 2273 858 2291 ‚
888 2241 1070 2296 (ulnaog)
1096 2260 1195 2284 auro
1216 2248 1401 2290 intextus
1423 2249 1545 2299 eique

157 2323 204 2361 in
225 2319 426 2362 circuitu,
453 2313 586 2368 κύκλῳ
599 2343 610 2363 ,
634 2313 812 2351 adsutus.
833 2325 870 2351 v.
893 2313 1059 2352 Salmas,
1095 2314 1146 2352 ad
1181 2315 1392 2367 Lamprid.
1424 2316 1545 2354 Alex.

159 2520 161 2522 ,
206 2486 262 2521 68.
304 2498 336 2519 v.
359 2483 456 2517 Gell.
493 2482 578 2522 VII,
602 2490 655 2514 12.
675 2478 823 2513 casaub.
881 2491 959 2524 279.
989 2481 1089 2522 VIII,
1122 2482 1200 2525 419.
1219 2481 1315 2524 Lips.
1338 2481 1418 2515 Mil.
1445 2481 1549 2514 Rom.

161 2544 207 2581 ad
246 2542 389 2576 Sueten.
424 2540 521 2572 Caes.
553 2537 611 2572 45.
646 2547 680 2571 et
713 2540 826 2581 intpp.
882 2539 947 2580 III,
978 2551 1010 2583 7.
1039 2538 1151 2571 Cer-da
1172 2539 1215 2571 ad
1238 2539 1335 2581 Virg.
1360 2541 1447 2572 Aen.
1473 2538 1552 2579 VH,

161 2603 261 2643 virg.
288 2598 377 2631 Aeu.
401 2596 462 2638 IX,
489 2595 569 2630 616.
886 2596 965 2640 689.
1002 2605 1037 2629 et
1067 2596 1155 2629 ibid.
1191 2597 1311 2641 Heyne
1348 2598 1386 2630 in
1419 2603 1491 2629 not.
1516 2603 1550 2630 ct

207 2657 264 2704 69.
311 2655 368 2689 Cf.
403 2653 476 2688 Liv.
510 2650 572 2697 IX,
603 2653 658 2690 40.
680 2652 749 2688 Sil.
769 2651 834 2696 111,
889 2657 983 2700 inpr.
1006 2652 1091 2689 Exc.
1117 2654 1212 2692 VIII.
