1686 3089
163 154 242 198 532
565 157 1162 201 COMMENTARIVS,

168 273 302 308 famen
326 278 368 309 et
384 272 520 321 obbia,
547 274 597 312 ad
621 288 738 326 quam
764 273 922 311 mentio·
942 275 1041 311 afrae
1065 274 1183 312 facile
1205 274 1354 314 ducere
1376 278 1553 328 poterat:

164 339 251 375 ruit
283 345 375 378 ante
414 355 544 390 aram,
583 351 643 379 nt.
665 341 822 378 vetulas
857 341 953 385 bos,
987 343 1148 392 gravius
1169 350 1313 381 sonant
1339 345 1409 382 illa
1434 345 1552 395 Virg-

166 405 268 442 Aen.
306 407 370 451 V,
405 409 498 446 481.
542 409 748 446 Sternitur
781 410 1065 460 exanimisque
1101 418 1274 448 tremens
1314 413 1554 462 procumbit

169 472 287 510 lzumz'
311 475 407 520 bos,·
445 475 547 514 Ach.
661 486 752 524 270.
795 477 882 512 iam.
915 477 1172 527 fastiditus,
1211 484 1460 523 contemtus,
1501 479 1555 518 ab

171 541 338 590 ingrato
361 552 526 586 aratro,
557 542 593 579 h.
618 556 651 578 e.
674 543 873 592 agricola,
914 543 984 596 qui
1008 543 1154 582 hovem
1191 545 1272 582 iam
1309 546 1360 583 ob
1397 547 1558 585 senium

170 607 322 647 arando
346 610 536 647 inutilem
556 616 718 657 mactat,
750 610 966 650 imm-emor
982 617 1052 650 ‘tot
1078 611 1267 651 laborum
1305 612 1557 651 officiorum-

168 687 269 725 que,
299 691 400 728 quae
427 678 496 714 ille
517 678 731 728 praestitit.

282 756 374 790 271.
408 757 498 792 272.
559 746 710 783 Etiam
732 752 869 784 tamen
896 747 988 791 ille,
1031 761 1140 786 mors
1175 753 1218 786 et
1256 753 1443 785 extrema
1476 746 1560 784 sata

171 809 324 849 Priami
352 812 468 850 suere
494 821 710 864 utcumque
726 842 738 858 ,
771 814 1095 866 quodammodo,
1126 814 1306 852 hominis
1330 828 1451 862 mom,
1476 827 1561 851 non

170 876 351 926 belluae,
383 886 430 917 ut
455 894 564 918 mors
588 884 727 919 uxoris
749 882 861 930 eius,
888 883 1108 927 Hecubae,
1152 896 1254 934 quae
1285 887 1457 933 propter
1493 881 1562 918 lu-

171 950 280 982 cmm
308 947 512 999 animique
542 949 804 987 ace1·bi†aten1
846 948 1060 1002 quamdam
1093 955 1135 987 et
1165 949 1324 987 rabiem
1364 961 1563 986 conversa

173 1010 323 1050 dici-ur
348 1015 391 1051 in
413 1029 564 1054 canem.
626 1017 756 1054 Vetus
782 1016 917 1055 Schol.
945 1018 1164 1064 „Hecuba,
1191 1016 1312 1063 dicit,
1340 1021 1561 1054 excoecato

170 1076 503 1130 J'olymnesfore,
532 1096 624 1122 cum
662 1084 770 1122 saxis
800 1083 1088 1135 impelleretur
1113 1098 1134 1120 a
1155 1083 1308 1135 populo
1342 1081 1563 1130 Thracum,

170 1157 283 1182 versa.
310 1149 350 1185 in
379 1165 522 1187 canem.
544 1151 690 1188 fertur.
746 1151 814 1189 An
837 1152 931 1203 quia
958 1151 1126 1188 Graecis
1151 1150 1332 1187 convitia
1364 1162 1563 1199 congere-
1583 1134 1593 1144 .

171 1212 259 1259 bat,
290 1230 432 1254 canem
460 1219 848 1256 nominetverunsffl‘
908 1219 971 1256 Cf.
994 1217 1077 1255 Cic.
1105 1219 1228 1255 Tusc.
1267 1216 1348 1266 Qu,
1380 1216 1454 1264 ΙΙΙ,
1494 1215 1563 1254 26.

170 1280 318 1331 Dictys
352 1285 402 1331 V,
440 1286 498 1323 13.
521 1292 562 1322 et
589 1287 648 1324 16.
675 1287 804 1324 Plaut.
839 1286 950 1324 Men.
979 1286 1031 1332 V,
1058 1298 1091 1333 1,
1120 1285 1168 1322 14
1191 1298 1272 1336 seq.
1304 1283 1428 1321 ovid.
1460 1284 1569 1321 Met.

171 1346 299 1396 XIII,
342 1352 478 1389 422-
500 1354 592 1400 575.
632 1354 846 1392 Muncker.
882 1353 1112 1403 adHygin.
1145 1352 1226 1390 sab.
1270 1364 1359 1389 111.
1398 1350 1555 1388 Potter.

171 1414 220 1451 ad
239 1416 447 1468 Lycophr.
472 1434 508 1457 v.
537 1422 630 1458 551.
654 1421 798 1472 Eurip,
834 1420 1006 1457 Hecuba
1039 1426 1080 1457 et
1110 1419 1258 1470 Heyne
1279 1419 1306 1456 l.
1330 1418 1358 1455 l.
1471 1418 1563 1456 La·-

172 1487 303 1520 ίνανίί
326 1487 436 1523 ricta
462 1489 639 1531 canino,
668 1494 717 1524 ut
741 1502 802 1539 ap.
826 1487 955 1525 Ox-id..
971 1487 1045 1524 1.-1.
1070 1501 1108 1523 v.
1129 1486 1221 1524 568.

284 1553 377 1598 273.
436 1555 602 1591 Festino
626 1555 684 1592 ad
711 1563 894 1597 nostros,
926 1554 1155 1600 Romanos,
1186 1552 1237 1590 ad
1264 1551 1453 1603 exempla
1475 1552 1568 1589 Ro-‘

175 1629 404 1668 manorum,
429 1622 714 1672 quibuslonga
735 1621 818 1658 vita
838 1620 921 1657 suit
945 1621 1186 1670 perniciosa.
1243 1621 1398 1670 Regem
1422 1621 1567 1667 Ponti,

173 1682 485 1735 Mithridatem,
513 1689 583 1739 qui
610 1701 735 1726 annos
761 1687 914 1724 LXIX
932 1686 1042 1723 vixit
1077 1693 1137 1735 et,
1182 1687 1301 1723 bellis
1342 1686 1569 1725 infeliciter

174 1750 366 1790 adversus
390 1753 595 1792 Romanos
618 1755 768 1805 gestis,
810 1753 959 1791 Bituiti
996 1767 1119 1790 manu
1150 1753 1288 1804 periit.
1321 1767 1359 1791 v.
1391 1753 1570 1805 Appian.

175 1818 267 1856 bell.
282 1819 468 1859 Mithrid.
483 1836 516 1860 c.
534 1836 622 1861 111.
644 1835 657 1859 1
672 1835 730 1860 12.
748 1827 789 1860 et
800 1822 904 1859 Plin.
919 1821 1060 1868 XXV,
1085 1833 1122 1858 2.
1143 1835 1172 1859 s.
1200 1822 1237 1859 5.
1311 1829 1489 1866 transeo,
1519 1827 1569 1860 ut

177 1886 250 1934 VI,
274 1888 366 1927 (502.
396 1910 450 1927 ι-
486 1891 602 1938 Ῐ27.4.
634 1890 838 1932 Croesum,
870 1888 1222 1940 opulentissimum
1242 1901 1380 1939 regem
1396 1888 1571 1939 Lydiae‚'

177 1955 260 2006 qui,
295 1960 507 2008 antequam
531 1972 554 1994 a
575 1957 684 2008 Cyro
713 1962 854 2008 captus
881 1962 1010 1999 esset,
1041 1956 1303 1994 felicissimus
1331 1956 1410 1993 sibi
1431 1955 1570 1994 homi-

176 2034 276 2058 num
299 2036 384 2062 esse
406 2024 645 2073 videbatur,
671 2025 818 2076 cuique
839 2024 962 2060 Solon
986 2023 1139 2060 dixisse
1161 2023 1322 2071 fertur,
1358 2024 1567 2062 neminem

178 2095 273 2126 ante
296 2090 455 2130 obitum
479 2093 644 2130 beatum
668 2106 758 2130 esse
784 2090 1014 2129 dicendum.
1037 2104 1075 2129 v.
1103 2076 1305 2128 Herodot.
1329 2090 1361 2138 I,
1388 2091 1567 2129 30—32‚

179 2162 219 2193 et
253 2157 316 2195 86.
355 2159 472 2196 Hanc
507 2159 668 2196 Solonis
704 2159 948 2197 sententiam
990 2171 1234 2209 expressere
1268 2157 1413 2205 multi,
1459 2171 1498 2196 v.
1530 2171 1565 2196 c.

177 2224 322 2277 Eurip.
355 2227 397 2264 in
433 2226 583 2264 Troad.
619 2240 658 2264 v.
687 2228 779 2265 510.
823 2227 867 2264 in
901 2224 1030 2277 Iphig.
1066 2224 1160 2262 Aul.
1195 2237 1236 2263 v.
1259 2224 1346 2261 161.
1375 2230 1417 2261 et
1443 2223 1567 2262 Ovid.

180 2292 288 2330 Met.
311 2293 387 2342 III,
417 2295 491 2331 135
513 2307 593 2345 seq.
653 2294 771 2332 Illam
793 2307 892 2331 vero
914 2292 1075 2330 Solonis
1095 2291 1202 2344 apud
1223 2291 1422 2329 Croesum
1452 2305 1568 2329 com-

181 2361 452 2398 morationem
478 2360 874 2412 disputationemque
905 2359 955 2397 de
989 2360 1156 2397 fortuna
1194 2359 1371 2398 humana
1400 2359 1567 2398 dubiam

181 2426 281 2464 facit
312 2426 585 2478 chronologia.
655 2428 750 2466 Vid.
788 2434 925 2465 tamen
960 2427 1116 2465 Gatter.
1149 2427 1309 2465 Handb.
1344 2426 1382 2463 d.
1417 2425 1565 2464 Geseh.

182 2493 230 2531 T.
258 2495 290 2531 I.
321 2509 359 2546 p.
387 2496 465 2533 838
502 2510 584 2548 seq.
653 2496 841 2534 Historia
882 2494 1029 2533 Croesi
1074 2500 1171 2532 nota
1213 2507 1266 2532 ex
1300 2492 1500 2532 He1·odo†.
1533 2493 1567 2542 I,

184 2560 377 2612 26-94,

290 2629 545 2676 276—282.
603 2630 808 2682 Exemplo
850 2629 894 2668 C.
941 2629 1066 2668 Marii
1109 2635 1150 2667 et
1198 2643 1237 2668 v.
1285 2629 1366 2667 283
1391 2649 1447 2657 —
1469 2626 1564 2666 288.

177 2695 366 2748 Pompeii
396 2697 624 2748 probatur,
671 2712 790 2750 quam
821 2697 1052 2750 perniciosa
1087 2710 1205 2749 saepe
1243 2695 1478 2735 hominibus
1514 2694 1568 2733 sit
