1686 3089
474 175 550 216 IN
594 174 827 216 IVVEN.
874 148 1165 216 sArssvm.
1447 175 1530 232 507

146 290 222 331 bus
247 287 469 343 infimoque
492 303 640 341 genere
662 286 778 328 natis.
835 290 930 328 262.
960 290 1131 328 Iuvenes
1160 292 1296 340 ipsias
1331 291 1528 335 consulis,

147 359 224 397 filii
247 360 385 407 Bruti,
434 359 560 409 primi
585 359 783 407 consulis,
825 358 894 410 qui
919 358 1088 409 patriam
1123 358 1261 395 eiectis
1284 359 1449 408 regibus
1473 358 1530 396 li-

149 426 386 474 beraverat,
416 439 507 464 cum
531 426 730 473 Vitelliis,
759 425 948 476 Aquilliis
971 425 1140 476 aliisque
1160 426 1385 472 nobilibus,
1427 439 1529 477 quos

144 494 280 545 potius
306 495 532 537 decuisset,
580 489 723 530 {iudaei
745 493 880 544 aliquo
909 492 1092 529 facinore
1118 499 1159 530 et
1182 492 1328 542 insigni
1362 494 1530 541 virtute,

145 560 255 612 quali
281 574 364 598 non
396 562 455 598 ita
489 561 621 598 multo
657 567 749 611 post
784 560 945 603 Cocles,
993 561 1168 597 Mmius
1201 566 1242 597 et
1273 559 1430 597 Cloelia
1464 562 1532 598 iu-

146 628 406 676 claruerunt,
435 628 669 665 liberlatem
698 627 830 665 adhuc
852 627 1022 664 dubiam
1045 626 1291 675 defendere,
1331 626 1380 663 de
1401 628 1534 678 patria

148 698 364 744 tyrannis>
395 695 654 746 Tarquiniis,
694 695 909 746 prodenda
936 695 1147 745 partisque
1175 692 1303 732 Urbis
1325 695 1409 745 regi
1436 709 1536 746 ape-

89 757 91 759 ’
143 761 302 798 riundis
334 761 374 798 h.
413 775 446 798 e.
484 763 719 813 Tarquiniis
755 763 798 800 in
838 775 1010 812 regnum
1039 761 1281 799 reducendis
1321 763 1535 814 conspira-

140 834 263 866 runt:
321 827 541 866 Vindicius
572 836 708 867 autem
743 843 772 866 s.
812 828 1002 876 Vindex,
1064 827 1344 880 Aquilliorum
1376 843 1532 874 servus,

143 896 306 933 occulta
328 897 532 939 crimina,
560 896 838 947 proditionem
860 910 890 933 s.
916 896 1266 941 coniurationem,
1298 898 1357 935 acl
1381 899 1532 935 Patres

141 963 364 1013 produxit,
397 962 564 1011 detulit3
607 964 666 1012 (v.
687 963 737 1001 ad
762 964 855 1001 Liv.
882 963 934 1011 II,
959 964 1018 1013 5.)
1060 977 1140 1014 quo
1160 963 1270 1001 facto
1300 965 1532 1016 proditores

143 1043 166 1074 a
205 1029 419 1067 lictoribus
471 1030 686 1068 consulum
724 1031 837 1069 iussu
878 1032 1005 1082 virgis
1043 1032 1148 1068 caesi
1183 1034 1396 1085 securique
1435 1046 1535 1084 per-

143 1097 252 1134 cussi
277 1103 381 1134 sunt.
454 1097 537 1134 Res
569 1098 783 1136 notissima
817 1099 884 1136 vel
906 1112 960 1136 ex
982 1099 1076 1136 Liv.
1105 1098 1158 1146 II,
1180 1100 1204 1137 3
1222 1122 1270 1128 —
1287 1101 1323 1138 5.
1355 1106 1397 1137 et
1425 1100 1535 1138 saci-

144 1176 246 1202 nora
264 1165 433 1202 Horatii
456 1165 653 1210 Coclitis,
689 1167 833 1204 Maon·
858 1167 1076 1204 Scaevolae
1101 1173 1141 1204 et
1165 1166 1345 1205 Cloeliae
1365 1181 1419 1206 ex
1442 1166 1532 1206 eod.

143 1230 238 1269 Liv.
262 1233 314 1280 II,
346 1245 394 1271 10
420 1252 474 1261 —·
501 1233 561 1270 15.
586 1253 642 1266 ε·-
728 1233 820 1272 265.
856 1235 1013 1285 VirgO,
1059 1233 1235 1283 Cloelia,
1292 1236 1533 1274 Tiberinum

143 1312 303 1338 amnem
326 1314 354 1337 8.
380 1299 551 1338 fluvium
567 1329 578 1349 ,
607 1301 677 1353 qui
697 1308 785 1339 tum
807 1302 1003 1352 temporis
1034 1304 1203 1353 imperii
1227 1302 1405 1340 Romani
1428 1303 1535 1350 sinis

144 1373 186 1404 et
207 1369 406 1405 terminus
436 1367 540 1415 suit,
572 1357 749 1406 ηαὶανίι.
826 1369 910 1406 Alii
931 1382 1019 1406 eam
1045 1383 1150 1420 equo
1181 1370 1428 1408 insidentem
1453 1370 1534 1408 ssu-

143 1434 258 1472 vium
304 1435 515 1473 traiecisse
566 1435 755 1480 tradunt,
822 1436 933 1473 unde
969 1443 1010 1473 et
1047 1443 1179 1474 statua
1213 1439 1415 1489 equestris
1453 1438 1535 1490 ipsi

142 1502 277 1553 posita
305 1502 483 1541 videtur.
503 1501 540 1524 ⁹¹
598 1504 711 1541 Haec
736 1504 918 1541 narratio
942 1504 1063 1542 facile
1096 1518 1190 1544 cum
1223 1505 1293 1542 illa
1320 1506 1535 1545 conciliari

143 1575 292 1622 potest.
322 1583 361 1607 v.
396 1570 446 1607 ad
472 1570 566 1607 Liv.
593 1569 619 1607 l.
643 1570 669 1608 l.
703 1578 742 1608 et
762 1571 812 1609 ad
840 1572 910 1609 Sil.
933 1573 989 1620 X,
1010 1573 1102 1624 498.
1130 1596 1183 1603 —
1268 1574 1365 1622 267.
1394 1588 1535 1612 servus

144 1638 358 1675 Matronts
391 1638 622 1690 lugendum
664 1653 784 1690 quem
812 1640 987 1688 Brutus,
1030 1648 1079 1677 ut
1103 1648 1432 1680 conservatorem
1457 1656 1535 1694 pa·-

144 1705 269 1752 triae,
306 1706 542 1743 manumisit
564 1712 627 1755 et,
679 1713 726 1744 ut
750 1707 973 1747 delatorem
1007 1707 1290 1756 dominorum,
1329 1712 1443 1749 cruci
1471 1711 1538 1750 as·-

145 1771 265 1818 fixit3
290 1772 403 1824 quod
425 1772 581 1811 sactum
600 1780 809 1811 matronae
831 1774 1105 1824 planxerunt,
1140 1776 1233 1828 quia
1266 1779 1430 1816 castitas
1463 1792 1534 1818 ea-

137 1843 241 1878 'rum
277 1840 463 1890 Superbo
502 1841 576 1878 sub
616 1846 793 1891 tyranno
837 1842 922 1878 vim
961 1843 1216 1892 patiebatur3
1272 1851 1352 1882 vet.
1393 1846 1531 1886 Schol.

145 1908 255 1946 Eum
285 1913 515 1955 mortuum,
568 1914 773 1959 tamquam
803 1909 1005 1957 nobilem,
1046 1924 1197 1949 annum
1228 1919 1439 1952 matronae
1466 1916 1535 1953 lu-

149 1977 323 2028 gebant5
356 1975 507 2025 Grang.
545 1975 744 2013 Denisius
774 1983 814 2014 et
845 1978 916 2015 alii
957 1977 1056 2016 haec
1095 1980 1222 2018 verba
1263 1980 1314 2017 ad
1350 1981 1536 2023 dolorem

147 2042 358 2090 referunt,
384 2055 505 2093 quem
528 2043 726 2081 matribus
753 2047 1026 2084 commoverit
1052 2047 1204 2086 indicio
1239 2049 1404 2087 sceleris
1423 2050 1537 2090 filio-

147 2124 266 2155 rum,
296 2110 368 2161 qui
394 2109 529 2146 securi
556 2117 774 2161 propterea
798 2114 980 2163 percussi
1009 2115 1100 2152 sint.
1159 2115 1383 2155 Enimvero
1418 2132 1534 2157 mens

149 2185 296 2232 poetae
326 2176 425 2214 haec
460 2183 542 2226 est,
588 2178 669 2216 nisi
700 2193 765 2217 me
797 2181 934 2219 omnia
971 2181 1144 2227 fallunt,
1207 2197 1370 2223 servum
1404 2186 1535 2236 illum,

148 2247 306 2300 patriae
330 2249 601 2293 servatorem,
647 2259 732 2284 non
762 2247 897 2285 minus
918 2248 1045 2287 fuisse
1067 2250 1255 2301 dignum,
1307 2252 1377 2304 qui
1401 2269 1422 2291 a
1446 2268 1539 2294 ma-

150 2314 281 2354 tronis
300 2313 509 2363 lugeretur
526 2320 618 2363 post
641 2321 828 2364 mortem,
857 2329 978 2367 quam
1000 2319 1197 2365 Brutum,
1229 2332 1349 2369 quem
1373 2333 1540 2381 annum,

149 2387 198 2422 ut
221 2386 456 2432 parentem,
485 2380 690 2428 luxerint,
720 2382 828 2434 quod
851 2389 933 2421 tam
959 2398 1052 2423 acer
1076 2386 1187 2424 ultor
1212 2387 1387 2425 violatae
1409 2389 1538 2440 pudi-

154 2450 278 2487 citiae
316 2448 484 2495 suisset3
558 2447 609 2486 de
659 2463 739 2501 quo
777 2464 816 2488 v.
849 2451 943 2489 Liv.
983 2454 1037 2502 II,
1069 2465 1106 2503 7.
1136 2475 1193 2482 —-
1276 2454 1372 2494 268.
1401 2458 1541 2509 legum

148 2519 296 2569 prima
331 2518 511 2560 securis,
554 2518 729 2565 securis,
760 2531 838 2570 qua
861 2518 990 2570 leges,
1021 2521 1071 2558 ad
1100 2521 1317 2573 pristinam
1350 2523 1434 2562 vim
1468 2539 1541 2564 re-

155 2584 320 2632 ductae,
371 2583 551 2636 primum
572 2585 617 2622 in
637 2585 766 2623 libera
791 2599 836 2624 re
857 2587 968 2638 publ.
996 2587 1190 2627 adversus
1224 2603 1314 2629 reos
1348 2597 1390 2629 et
1411 2593 1542 2631 male-

204 2693 263 2728 91.
287 2681 330 2716 de
355 2693 423 2726 qua
440 2695 472 2716 v.
493 2682 568 2718 Liv.
591 2684 638 2726 11,
657 2684 706 2718 15.
729 2693 815 2723 extr.
841 2694 874 2719 et
895 2685 1015 2731 Beger.
1033 2687 1202 2732 spicileg.
1219 2686 1342 2733 Antiq.
1359 2702 1395 2735 p.
1418 2693 1475 2737 73.
