1686 3089
501 171 572 214 IN
608 169 845 212 IVVEN.
877 168 1014 214 SAT.
1045 169 1114 210 Vl.
1410 172 1489 226 317

104 293 270 335 matur,
327 302 403 327 nec
454 287 614 327 dubitat
658 287 899 326 submittere
949 292 1026 324 cet.
1083 293 1130 324 ut
1171 286 1272 335 XII,
1317 300 1406 327 111.
1436 311 1492 320 —-

110 357 206 395 334.
238 357 398 394 clunem
436 357 675 400 submittat,
705 355 964 402 succumbat,
1003 355 1154 400 asell0;
1207 355 1322 393 cuins
1348 357 1494 406 prodi—

109 426 248 475 giosae
266 424 449 462 libidinis
477 424 632 461 mentio
658 436 818 475 quoque
839 421 887 459 fit
909 423 952 459 in
969 421 1085 459 libris
1109 422 1312 470 Mosaicis,
1337 424 1491 469 (Exod.

109 490 258 540 XXII,
286 505 344 544 ¹9·
398 492 499 529 Lev.
523 490 683 538 ΞζΞἸΙΙ,
705 490 770 528 23.
821 489 922 538 XX,
958 488 1110 529 15216.
1159 490 1286 526 Dent.
1309 490 1495 541 XXVII,

110 556 196 610 21.)
225 560 268 596 in
302 558 478 596 Luciani
509 556 637 595 Asino
663 563 704 594 et
735 557 857 608 Apul.
884 557 1017 595 Miles.
1043 557 1098 594 X.
1131 563 1173 594 et
1201 558 1278 595 XI.
1301 556 1337 579 ⁹¹
1413 560 1495 599 Per

109 626 394 678 gradationem
425 629 548 676 poeta
581 625 772 675 pervenit
802 624 853 663 ad
880 625 1072 663 ultimum
1097 625 1290 662 infamiae
1328 632 1370 664 et
1398 626 1497 666 libi-

110 693 220 731 dinis
251 693 440 743 gradum:
491 693 671 744 primum
705 701 866 730 amator
895 692 1144 744 requiritur,
1192 707 1239 730 eo
1276 692 1498 733 deficiente

110 761 247 812 quivis
284 762 469 805 iuvenis,
530 759 677 797 deinde
713 773 873 807 servus,
931 762 1280 812 postaqzcariuS,
1332 761 1499 802 demum

110 831 259 867 asinus
282 828 349 866 vel
375 827 661 880 quodcumque
686 827 939 875 iumentum3
977 825 1079 864 Ach.

230 896 311 934 335
336 909 416 947 seq.
453 894 590 933 Etiam
620 908 733 931 sacra
765 894 838 932 tali
867 896 1126 947 turpitudine
1147 897 1412 949 polluuntur,
1458 906 1501 938 et

113 963 182 1002 vel
214 963 494 1015 antiquissima
524 975 570 998 ac
598 961 773 1012 publica.
832 966 939 1000 ritas
963 964 1157 1015 religiosi.
1236 967 1329 1017 537.
1362 981 1499 1005 omnes

114 1039 317 1069 noverunt
339 1032 490 1067 stIam-z'
523 1037 646 1080 atque
681 1030 782 1067 Imli
817 1031 1030 1082 proverbii
1058 1032 1149 1070 loeo
1185 1033 1340 1071 dicitur
1370 1034 1421 1071 de
1442 1049 1499 1080 ,re

115 1099 375 1151 pervulgata,
401 1103 450 1133 ut
480 1096 668 1133 omnibus
695 1107 734 1135 et
768 1100 900 1149 lippis
934 1108 973 1136 et
1006 1101 1240 1138 tonsoribus
1273 1110 1415 1140 notum
1441 1116 1502 1155 ap.

116 1166 262 1205 Horat.
301 1165 383 1201 Sat.
418 1163 453 1208 I,
481 1176 517 1213 7,
540 1164 577 1201 3.
635 1164 718 1201 Res
749 1173 883 1203 autem
919 1180 968 1204 eo
999 1173 1183 1217 augetur,
1220 1169 1330 1220 quod
1357 1171 1503 1222 populi

117 1233 385 1271 nominantur
420 1237 504 1269 tam
532 1231 768 1284 longinqui,
807 1233 858 1270 ad
893 1247 992 1285 quos
1023 1234 1132 1274 sama
1162 1233 1285 1274 huius
1316 1238 1379 1275 rei
1402 1252 1502 1289 per-

118 1301 292 1339 venerit.
366 1300 444 1350 337
469 1315 551 1352 seq.
591 1301 783 1338 Innuitm·
808 1299 997 1349 Clodius,
1029 1303 1099 1354 qui
1127 1301 1269 1342 habitu
1299 1306 1504 1355 psaltriae

119 1369 245 1406 sacris
275 1369 413 1405 Bonae
435 1369 548 1406 Deae
578 1368 773 1406 interfuit
797 1374 1068 1422 stuprumque
1098 1371 1241 1408 intuh't
1271 1372 1502 1425 Pompeiae,

121 1435 306 1473 Caesaris
342 1437 478 1474 uxori.
507 1449 545 1473 v.
577 1437 687 1473 Suet.
714 1435 826 1473 Caes.
849 1434 887 1475 6.
912 1458 966 1466 -
1025 1438 1118 1475 338.
1148 1438 1333 1477 Mentem
1355 1448 1504 1492 poetae
1516 1443 1524 1452 ³

115 1510 231 1541 recte
262 1503 371 1554 cepit
399 1503 657 1554 Grangaeus:
713 1503 887 1552 „Facete
922 1503 1124 1555 significat
1157 1507 1382 1546 mentulam
1403 1508 1503 1548 Clo—

121 1570 181 1608 dii
212 1570 337 1622 duplo
369 1571 564 1608 maiorem
605 1570 790 1608 Caesaris
830 1571 1011 1609 mentula
1047 1572 1197 1622 fuisse,
1262 1581 1303 1612 et
1333 1584 1506 1628 propter

119 1643 204 1676 tam
241 1638 479 1689 opulentum
500 1637 708 1688 peculium
734 1638 969 1690 Pompeiam
996 1639 1179 1678 Caesaris
1215 1655 1392 1682 uxorem
1416 1658 1505 1683 nia-—

124 1707 183 1756 gis
218 1705 410 1743 dilexisse
448 1705 663 1749 Clodium,
713 1719 832 1757 quam
877 1703 1103 1746 Caesarem.
1193 1709 1333 1757 Quare
1367 1718 1505 1752 autem

127 1772 310 1811 Caesaris
349 1772 573 1811 mentulam
612 1773 905 1810 Antis-atonem
940 1780 1079 1821 vocet,
1138 1776 1183 1812 in
1223 1784 1390 1827 promtu
1432 1787 1505 1818 est.

124 1842 232 1880 Nam
256 1841 403 1879 Caesar
425 1840 612 1890 eorrupit
639 1840 854 1877 Serviliam
868 1839 1034 1878 Catonis
1056 1855 1261 1892 sororem3
1291 1844 1400 1882 unde
1416 1860 1506 1884 me-

131 1910 218 1947 rito
239 1909 350 1946 illius
374 1909 489 1959 penis
502 1909 713 1945 Anticato.
746 1903 802 1959 (v.
824 1906 875 1943 ad
897 1908 952 1956 X,
977 1909 1091 1962 319.)
1130 1910 1348 1949 Praeterea
1361 1912 1509 1952 Caesar

125 1977 280 2015 fibi—nm
309 1976 502 2013 adversus
534 1975 689 2015 librum.
709 1973 944 2023 Ciceronis,
973 1976 1040 2012 cui
1071 1977 1217 2014 titulus
1249 1979 1365 2025 Cato,
1394 1995 1506 2020 com-

126 2045 268 2096 posuit
286 2044 555 2081 Anticatonz's
574 2043 750 2079 nomine.
807 2042 864 2079 At
889 2042 1063 2081 studiosi
1089 2045 1341 2096 antiquitatis
1363 2050 1509 2098 sciunt,

125 2112 253 2152 libros
291 2111 384 2162 (qui
415 2110 466 2148 ob
493 2109 538 2147 id
572 2108 672 2147 dicti
715 2109 950 2156 volumina)
994 2110 1040 2148 in
1077 2113 1218 2150 orbem
1254 2115 1425 2165 plicatos
1467 2125 1511 2155 et

129 2181 246 2232 penis
287 2177 588 2231 quodammodo
617 2190 690 2215 seu
718 2176 973 2227 longitudine
1004 2192 1075 2217 seu
1111 2181 1366 2219 rotunditate
1394 2184 1511 2222 simi-

126 2246 345 2286 litudinem
375 2259 473 2298 prae
503 2260 548 2283 se
579 2245 761 2282 tulisse.“
846 2245 927 2282 duo
955 2247 1254 2295 Anticatones;
1301 2263 1396 2288 nam
1429 2252 1511 2290 duo

131 2315 250 2355 suere
280 2314 389 2352 libri.
429 2326 468 2352 v.
504 2313 615 2350 Suet.
645 2311 759 2350 Caes·
783 2311 848 2350 56.
931 2313 989 2350 At
1018 2315 1145 2352 totius
1178 2329 1339 2368 quoque
1376 2321 1510 2371 operis

131 2381 278 2419 titulus
312 2381 510 2418 Anticato
544 2380 645 2429 suit,
681 2384 723 2416 et
748 2380 806 2417 ita
837 2379 877 2418 h.
900 2381 926 2418 l.
958 2378 1153 2435 ἐνάργεια
1184 2391 1365 2434 augetur.
1390 2384 1432 2423 9?
1454 2410 1508 2420 .-

133 2449 228 2500 339.
257 2448 408 2485 Facete
434 2447 484 2485 et‘
498 2447 548 2485 ad
577 2447 742 2487 sceleris
778 2447 968 2487 Clodiani
1003 2451 1260 2492 atrocitatem
1299 2452 1510 2493 declaran—

149 2551 153 2557 ’
181 2571 237 2604 9¹·
263 2558 366 2591 Cofif.
401 2557 582 2590 Michaelis
615 2557 672 2589 Ius
704 2557 794 2591 Mos.
854 2559 896 2592 T.
929 2560 958 2593 I.
991 2572 1026 2602 1>-
1046 2557 1122 2604 733.
1156 2559 1196 2593 C.
1239 2560 1334 2595 Gen.
1365 2564 1425 2605 IV,
1463 2566 1509 2598 16.

137 2616 169 2660 ς.
193 2615 271 2649 253.
312 2624 346 2647 et
379 2614 478 2648 Anas
505 2614 702 2658 Tiraqnelli
738 2617 796 2648 12-
853 2617 926 2650 Cic.
968 2617 1012 2650 aa
1047 2618 1118 2652 Att.
1140 2611 1220 2661 ΧΠ,
1248 2620 1302 2652 4,.
1329 2620 1426 2662 xm,
1454 2624 1509 2657 48,

123 2676 223 2716 ‚gum
246 2673 398 2705 connub.
423 2681 615 2705 comment.
637 2683 672 2714 p.
690 2673 767 2705 235.
802 2719 811 2728 st
850 2676 949 2722 etde
973 2675 1051 2711 Div.
1077 2675 1120 2718 Π,
1143 2687 1174 2720 9.
1194 2677 1238 2713 it.
1260 2676 1347 2721 'sop.
1370 2679 1424 2723 94.

140 2738 145 2740 ’
181 2742 239 2777 92.
264 2731 320 2766 Cf.
347 2730 444 2767 Plus.
477 2732 536 2766 vit.
569 2728 667 2765 Caes.
696 2730 804 2775 Opp.-
1382 2753 1385 2755 -
