1686 3089
456 172 534 214 1N
577 172 816 214 IVVEN'.
864 170 1008 213 SAT.
1056 173 1132 214 111.
1417 171 1496 215 135

113 298 247 337 earum
272 288 586 328 familiaritatem
607 303 650 327 se
671 289 902 336 insinuant,
938 295 985 326 ut
1009 289 1066 326 ita
1095 287 1314 325 resciscant
1338 294 1494 326 secreta

108 357 266 396 domini
288 364 330 395 et
352 363 572 408 propterea
590 358 638 395 ab
661 372 709 395 eo
734 357 964 395 timeantur.
1022 355 1086 394 Cf.
1113 355 1164 393 ad
1184 368 1222 392 v.
1257 356 1309 406 49
1331 369 1412 407 seq.

225 426 313 464 114.
340 426 429 473 115.
464 427 617 462 Transi
637 426 800 463 silentio
826 439 892 462 res
926 423 1160 462 inhonestas
1194 422 1364 469 minoris
1400 436 1492 460 mo-

107 492 262 534 menti,
305 493 448 530 omitte
470 506 577 530 nunc
599 493 743 543 vulgus
767 492 1021 530 Graecorum
1053 484 1096 528 et
1111 491 1360 542 gymnasia,
1386 496 1494 528 artes

107 560 503 611 exercitationesque
533 573 699 607 eorum,
747 559 797 597 de
843 560 989 611 quibus
1023 571 1144 609 snpra
1177 557 1286 604 dixi3
1337 553 1407 609 (cs.
1441 557 1493 596 ad

106 639 146 665 v.
167 627 254 676 68.)
279 628 357 665 nisi
382 627 495 664 malis
518 641 609 665 cum
635 627 722 665 aliis
742 627 1029 678 interpretari,
1066 627 1202 663 transi
1229 624 1492 674 cogitationi-

104 693 181 732 bus
207 695 323 745 quasi
343 695 424 732 tuis
452 710 474 733 a
495 696 614 747 plebe
636 695 682 732 ad
707 698 955 746 gymnasia,
1001 692 1041 731 h.
1077 707 1110 730 e.
1140 691 1190 730 ad
1223 690 1490 743 philosophos

106 760 383 810 Graecorum,
420 763 463 799 in
489 762 708 812 gymnasiis
741 762 948 814 disputare
976 761 1127 799 solitos.
1264 767 1386 811 atque
1409 773 1490 797 au-

103 828 150 866 di
162 830 366 880 sac-inus,
406 830 554 876 scehoe,
598 830 784 873 abollae,
833 827 1068 880 philosophi
1094 827 1264 875 Graeci,
1312 826 1491 878 Egnatii.

103 896 256 933 Abolla
276 910 414 946 sagum
438 897 639 941 militum,
680 897 747 934 vel
768 897 927 933 lacerna
960 909 1004 932 ac
1028 901 1123 946 toga
1147 895 1343 938 aliorum,
1382 895 1489 945 inpr.

100 962 454 1015 philosophorum.
504 966 676 1001 maioris
688 991 701 1008 ,
767 965 861 1015 quia
890 962 1171 1014 philosophica
1218 969 1305 1001 erat
1344 961 1491 1010 fusior,

99 1029 282 1081 longior,
331 1032 525 1081 amplior,
570 1032 699 1068 maior
738 1031 863 1068 instar
899 1031 1034 1082 pallii;
1085 1031 1154 1069 vel
1188 1031 1327 1069 abolla
1355 1031 1490 1066 maior

100 1096 252 1136 dicitur
287 1112 363 1149 pro
392 1097 645 1149 philosophis
693 1100 938 1136 sanctiorem
975 1099 1102 1136 vitam
1135 1098 1356 1149 professis,
1409 1111 1487 1148 pro

100 1165 269 1211 Stoicis,
305 1179 475 1216 quorum
501 1172 609 1202 secta
635 1172 720 1203 erat
744 1166 998 1215 rigidissima.
1111 1166 1347 1217 Egnatia-s,
1381 1171 1490 1202 teste

102 1231 196 1269 Tac.
218 1231 324 1269 Ann.
348 1232 464 1279 XVI,
491 1234 576 1280 32,
617 1236 906 1270 anctoritatem
926 1233 1090 1270 Stoicae
1126 1241 1256 1270 sectae
1273 1234 1489 1284 praestre-

101 1298 192 1347 bat,
220 1297 368 1336 habia
389 1309 425 1336 et
442 1314 507 1336 ore
532 1300 591 1337 acl
608 1300 918 1350 exprimendam
944 1302 1170 1350 imaginem
1191 1300 1352 1337 honesti
1374 1314 1490 1337 exer-

98 1368 228 1413 citus,
276 1374 452 1403 ceterum
486 1369 626 1404 animo
658 1368 935 1416 perfidiosus,
988 1367 1207 1411 subdolas,
1258 1369 1490 1405 avaritiam

98 1448 149 1471 ac
172 1434 391 1471 libidinem
413 1435 633 1471 occultans.
656 1430 693 1458 ²3

214 1500 291 1538 116
314 1513 395 1550 seq.
426 1501 677 1551 Designatur
696 1514 778 1539 non
800 1500 1052 1540 Heliodorus
1092 1501 1278 1549 Stoicus,
1320 1502 1388 1554 qui
1411 1502 1489 1539 Li-

99 1568 254 1605 ciuium
271 1567 481 1615 Silanum,
518 1582 599 1605 non
620 1569 814 1616 Baream,
870 1568 1037 1617 detulit,
1075 1566 1130 1621 (v.
1169 1569 1220 1606 ad
1243 1570 1275 1616 Ι,
1299 1569 1386 1616 33.)
1416 1567 1490 1606 sed

98 1639 143 1676 P.
167 1637 364 1688 Egnatius
388 1634 535 1679 Celer,
582 1636 764 1684 Stoicus,
801 1637 872 1687 qui
895 1638 1077 1674 Baream
1101 1637 1316 1685 Soranum,
1343 1650 1488 1674 exem-

95 1706 187 1757 plar
205 1704 372 1742 virtutis
399 1703 455 1750 (v.
484 1703 580 1739 Tae.
601 1704 708 1740 Ann.
734 1703 853 1750 XVI,
884 1700 970 1756 21.)
1003 1709 1044 1741 et
1073 1710 1287 1755 praeterea
1305 1707 1490 1742 amicam

98 1786 219 1810 suum
238 1785 283 1809 ac
307 1770 589 1819 discipulum,
632 1767 868 1822 (utrumque
892 1770 942 1807 ad
976 1771 1197 1821 augendam
1220 1772 1282 1809 rei
1306 1771 1489 1821 indigni-

97 1845 223 1878 tatem
248 1833 370 1890 valet)
392 1836 494 1875 salso
518 1837 754 1875 testimonio
777 1839 1103 1875 circumventum
1116 1867 1126 1885 ,
1166 1837 1230 1888 (ut
1254 1839 1379 1876 filiam
1402 1838 1490 1875 eius

97 1907 325 1954 delatione3
362 1918 400 1942 v.
427 1904 478 1941 ad
497 1904 571 1952 VI,
596 1905 714 1954 552.)
747 1905 922 1948 occidit,
955 1904 993 1942 11.
1019 1920 1052 1942 e.
1079 1906 1275 1956 perfecit,
1304 1911 1350 1942 ut
1371 1905 1488 1942 dam-

94 1980 265 2015 naretur
293 1972 655 2023 occidereturque,
693 1985 774 2024 quo
796 1985 918 2009 sensu
941 1973 1063 2009 etiam
1086 1973 1284 2010 damnare
1313 1979 1354 2009 et
1388 1986 1488 2009 con-

97 2041 290 2080 demnare
309 2040 455 2091 passim
482 2038 634 2076 dicitur
659 2053 777 2077 causa
800 2045 842 2076 et
872 2044 1014 2077 auctor
1038 2039 1328 2087 damnationis,
1378 2040 1485 2091 inpr.

98 2113 320 2146 accusator.
359 2105 422 2143 Cf.
455 2105 506 2144 ad
539 2120 577 2144 v.
602 2108 667 2155 37.
703 2107 775 2155 VI,
808 2108 900 2145 481.
940 2106 990 2144 ad
1014 2107 1109 2145 Liv.
1145 2107 1240 2155 VII,
1275 2108 1335 2156 16,
1369 2109 1404 2146 5.
1435 2107 1489 2144 ad

98 2174 195 2217 Tac.
221 2174 327 2212 Anu.
351 2174 427 2219 III,
455 2174 519 2211 36.
551 2174 625 2222 IV,
661 2175 724 2212 66.
758 2180 800 2212 et
827 2174 937 2211 Hist.
966 2174 1042 2217 IV,
1068 2176 1196 2213 [iocet
1219 2176 1282 2213 45.
1318 2175 1487 2212 Ernesti

96 2244 197 2282 clav.
231 2241 315 2280 Cic.
342 2246 384 2278 et
411 2240 462 2278 ad
493 2241 607 2280 Suet.
640 2242 733 2279 Tib.
766 2256 799 2279 c.
826 2242 862 2280 8.
921 2241 985 2279 Ita
1014 2242 1137 2281 etiam
1169 2245 1369 2293 pignerat
1389 2241 1486 2287 VII,

99 2312 163 2361 73.
192 2309 335 2347 vendit
349 2309 446 2356 VII,
474 2310 562 2347 135.
590 2312 742 2361 punire
766 2309 884 2358 XVI,
913 2310 972 2346 15.
1013 2315 1054 2345 et
1089 2309 1138 2346 al.
1176 2310 1362 2347 Historia
1397 2310 1487 2361 ipsa

97 2377 310 2417 notissima
326 2390 379 2413 ex
402 2377 498 2414 Tac.
519 2376 625 2414 Ann.
649 2377 780 2424 XVI,
818 2378 870 2415 32
895 2390 976 2428 seq.
1003 2383 1043 2414 et
1073 2376 1181 2414 Hist.
1206 2379 1279 2425 IV,
1307 2390 1367 2415 10.
1387 2375 1452 2415 4ο.

213 2455 301 2492 117.
339 2444 428 2480 118.
473 2442 678 2482 Nonnulli
709 2451 751 2481 et
785 2446 827 2481 in
848 2443 910 2481 his
941 2449 1059 2481 vetus
1090 2443 1225 2481 Schol.
1252 2444 1350 2482 haec
1371 2445 1485 2483 rese-

96 2518 196 2551 runt
231 2509 282 2548 ad
314 2511 493 2558 Tarson,
539 2510 707 2548 Ciliciae
743 2511 911 2554 urbem,
965 2510 1015 2548 ad
1052 2509 1242 2562 Cydnum
1276 2511 1316 2550 ss.
1354 2513 1486 2561 sitam,

146 2608 200 2640 23.
241 2606 297 2639 Cf.
330 2607 469 2639 Feri-ar.
504 2605 547 2639 de
590 2607 638 2639 Re
670 2608 767 2641 vest.
823 2607 948 2640 futavit
974 2607 1223 2652 explicationes
1260 2609 1408 2643 Salmas.
1442 2611 1487 2643 de

96 2663 144 2705 Π,
174 2676 226 2697 12.
270 2665 384 2696 Elect.
407 2664 452 2703 II,
487 2675 520 2708 9.
551 2672 585 2697 et
608 2664 766 2698 Analect.
822 2663 921 2698 mod.
947 2676 1042 2697 usur.
1068 2677 1100 2698 c.
1125 2677 1159 2699 2.
1194 2666 1228 2701 5.
1262 2676 1297 2701 et
1326 2669 1426 2701 Voss.
1452 2670 1487 2701 in

95 2732 129 2754 ε.
154 2720 187 2755 8.
206 2721 330 2764 quibus
364 2722 452 2754 locis
475 2722 582 2755 etiam
600 2722 690 2755 hene
709 2734 771 2756 re·
829 2722 986 2768 Etymol.
1008 2734 1044 2768 p.
1068 2733 1102 2756 2.
