1686 3089
469 173 544 215 IN
588 174 817 214 IVVEN.
872 173 1011 213 SAT.
1034 175 1085 214 V.
1404 192 1490 221 :uk

97 288 182 328 Alii
211 287 399 327 sucidam
419 296 566 340 putant
592 289 787 342 appellari
813 290 957 338 lanam,
1003 304 1104 341 qnae
1140 293 1255 327 succi
1286 292 1406 342 plena
1441 299 1483 331 et

97 357 270 408 pinguis,
299 370 375 394 nec
404 356 500 395 dum
523 358 607 395 lota
628 359 702 395 sit:
747 371 847 410 quac
887 359 1086 396 sentenfia
1115 370 1200 394 non
1232 359 1426 398 abhorret
1457 375 1480 398 a

97 424 366 472 varroniana,
407 426 441 462 si
465 426 588 462 sudor
608 426 678 462 ille
701 432 765 462 est
787 439 932 462 ‹wacca-s*
963 440 993 462 s.
1033 439 1168 467 suc-us,
1209 424 1249 462 h.
1289 440 1321 463 e.
1357 441 1480 478 squa-

96 489 174 540 lor,
200 505 280 543 quo
316 491 480 529 sordida
515 498 576 530 est
605 493 695 530 lana
715 492 835 530 modo
868 498 1004 541 tonsa,
1045 499 1085 529 et
1119 493 1188 543 qui
1222 492 1370 531 sudore
1405 508 1483 545 po—

68 589 70 591 .
93 558 296 597 tissimum
320 560 510 610 gignitur.
571 559 633 598 Cf.
660 560 763 597 Plin.
787 559 953 608 XXIX,
980 572 1016 597 2.
1050 567 1090 597 et
1114 561 1171 597 ibi
1190 560 1390 598 Hardnin.
1415 570 1480 592 ⁴—-

89 627 167 663 25„
193 627 367 664 Videbis
390 633 429 663 te
452 626 606 665 sactum
635 627 732 664 vino
762 626 920 663 novitio
946 627 1011 664 vel
1044 633 1239 677 corrupto
1270 629 1480 678 Coryban-

90 702 163 737 ta,
204 693 471 732 temulentum
508 708 552 731 ac
585 699 720 731 niente
758 695 992 740 turbatum,
1030 693 1204 730 similem
1232 694 1481 745 Corybanti-

90 759 188 807 bus,
236 761 308 811 qui
343 768 535 799 armatam
570 761 824 798 saltationem
862 774 955 798 Cunl
986 761 1183 808 clamore,
1223 763 1401 800 tumultu
1438 770 1482 800 et

89 828 370 878 cymbalorum
410 835 779 880 tympanorumque
822 828 998 878 strepitu
1042 829 1282 879 instituere,
1345 832 1479 882 capita

89 908 275 947 quassare
300 900 342 932 et
361 894 545 933 furorem
574 909 655 933 non
693 895 770 946 ipsi
808 901 965 932 tantum
998 897 1236 946 concipere,
1277 897 1349 934 sed
1388 898 1478 936 aliis

88 976 250 1015 quoque
272 963 496 1000 immittere
520 963 716 999 solebant.
786 962 849 998 Cf.
884 962 1092 999 Creuzer's
1122 964 1334 1013 Symbolik
1358 965 1406 1002 T.
1422 966 1476 1004 II.

85 1045 124 1083 p.
157 1032 222 1068 34.
282 1051 337 1059 -
392 1029 457 1066 26.
499 1030 647 1079 Iurgia
682 1030 934 1079 proludunt,
999 1036 1094 1067 sunt
1143 1032 1255 1081 quasi
1290 1033 1476 1082 prolusio

83 1111 252 1150 pugnae.
284 1095 349 1135 Cf.
371 1097 447 1145 III,
476 1098 570 1136 288.
597 1103 639 1133 et
673 1096 769 1144 XV,
801 1097 866 1134 51.
904 1098 968 1134 52.
1111 1098 1307 1134 Prolusc‘o
1337 1105 1476 1138 autem

84 1165 253 1217 proprie
275 1162 545 1215 gladiatorum
571 1170 644 1212 cst,
684 1164 754 1214 qui
785 1169 879 1201 ante
918 1168 1123 1200 certamen
1153 1177 1264 1201 arma
1297 1167 1476 1204 ventila-

85 1234 196 1272 bant.
227 1228 258 1247 ¹¹
298 1253 354 1260 ——-
385 1229 436 1270 26
461 1244 542 1282 seq,
602 1230 668 1270 Cs.
703 1231 825 1281 Prop.
859 1231 935 1277 ΙΙΙ,
966 1231 1001 1267 8.
1047 1227 1149 1282 (ubi
1181 1244 1216 1268 v.
1242 1231 1473 1281 Passerat.)

83 1299 187 1338 Hor.
214 1296 293 1335 Od.
321 1296 355 1342 I,
382 1309 449 1346 27,
483 1310 498 1335 1
525 1311 608 1348 seq.
640 1298 749 1342 (ubi
768 1311 805 1335 v.
834 1293 1095 1349 Elitscherl.)
1138 1299 1277 1335 Burni.
1312 1298 1360 1335 ad
1388 1301 1474 1337 Va-

82 1367 159 1405 ler‚
184 1367 245 1403 Fl.
267 1366 320 1413 V,
349 1366 442 1404 581.
472 1370 514 1401 et
535 1365 700 1402 GonsaJ.
730 1364 779 1402 ad
800 1365 962 1401 Petron.
980 1378 1016 1414 p.
1041 1377 1092 1400 m.
1116 1375 1179 1412 70,
1274 1366 1468 1411 Saucius,

83 1448 168 1472 non
198 1433 295 1470 vino
322 1438 500 1479 tantum,
547 1431 619 1468 sed
663 1438 703 1468 et
747 1432 921 1482 poculo3
961 1431 1081 1467 Farn.
1151 1431 1277 1468 rubra
1323 1446 1472 1472 cruore

81 1501 361 1553 pugnantium.
476 1501 541 1535 28.
581 1499 692 1534 Inlet·
729 1512 798 1535 ros
829 1496 1021 1547 (clientes
1061 1504 1102 1533 ct
1132 1499 1362 1550 parasitos)
1415 1502 1472 1538 li—

83 1569 307 1618 bertosque,
361 1567 430 1618 qui
459 1579 585 1617 aeque
617 1579 662 1602 ac
698 1565 866 1602 clientes
898 1578 1203 1615 nonnumquam
1229 1580 1250 1602 a
1284 1569 1469 1617 patronis

81 1635 271 1676 convivio
314 1633 625 1684 excipiebantur
664 1632 932 1683 infimumque
966 1634 1008 1670 in
1047 1648 1093 1669 eo
1127 1634 1365 1671 obtinebant
1401 1636 1469 1672 lo-

81 1717 186 1741 cum.
207 1716 246 1740 v.
267 1702 410 1738 Heins.
451 1700 500 1737 ad
534 1700 698 1738 Petron.
723 1701 788 1738 38.
825 1708 865 1738 et
893 1699 1054 1750 Koenig
1091 1699 1140 1736 ad
1164 1700 1275 1737 Pers.
1299 1702 1371 1749 VI,
1401 1704 1467 1740 23.

82 1770 246 1814 Cohors,
277 1767 512 1816 multitudo,
543 1768 779 1804 libet-{orum
801 1773 958 1818 spectat
993 1767 1044 1803 ad
1077 1767 1314 1815 dignitatem
1345 1783 1468 1819 opes—

82 1852 160 1890 que
201 1836 375 1888 patroni.
495 1836 645 1885 Iurgia
679 1839 720 1871 et
748 1848 899 1885 pugna
945 1847 1087 1870 eorum
1126 1847 1218 1870 cum
1252 1836 1469 1874 clien‘ibus

81 1911 177 1944 sunt
206 1903 372 1943 effectus
398 1903 487 1940 vini
511 1902 668 1939 vilioris
691 1907 732 1938 et
755 1902 1002 1944 faeculenti,
1047 1901 1116 1951 qui
1147 1902 1269 1938 etiam
1302 1902 1468 1952 ingenio

76 1973 222 2010 talium
251 1970 463 2009 hominum
487 1975 528 2007 et
559 1968 633 2005 hac
668 1968 877 2006 occasione
908 1969 1026 2018 genio
1060 1967 1361 2019 indulgentium
1391 1983 1466 2023 ap·-

77 2040 210 2092 prime
247 2037 513 2075 convcniunt.
642 2047 708 2086 29.
747 2036 901 2085 lagena
933 2036 1173 2086 Saguntina
1214 2034 1340 2085 epith.
1377 2049 1465 2074 orn.

87 2106 283 2143 dicuntur
331 2104 483 2155 pocula
524 2102 665 2140 fictilia
705 2108 748 2139 et
786 2101 972 2152 parasitis
1019 2102 1225 2152 apposita,
1272 2115 1354 2139 non
1389 2103 1469 2141 do·-

77 2173 202 2212 mino.
233 2171 286 2208 cs.
309 2184 346 2209 v.
375 2171 428 2209 38
451 2184 534 2222 seq.
557 2176 599 2207 et
623 2169 673 2206 ad
698 2169 818 2210 XIV,
849 2180 942 2214 271.
991 2169 1230 2220 Saguntus,
1262 2169 1361 2206 urbs
1387 2171 1469 2208 Hi-

79 2240 257 2291 spaniae,
299 2239 414 2278 cuius
446 2238 562 2286 gleba
597 2242 638 2273 et
675 2236 815 2286 argilla
856 2235 1038 2287 adeoque
1077 2250 1169 2273 vasa
1212 2243 1398 2285 terrena,
1443 2252 1466 2275 a

80 2307 228 2360 quibus
249 2307 336 2357 ipsa
353 2319 501 2344 nomen
532 2305 732 2355 accepisse
765 2302 1020 2352 credebatur,
1058 2317 1157 2354 prae
1191 2303 1339 2340 ceteris
1372 2305 1464 2342 lau—

80 2374 241 2413 dantur.
272 2369 311 2390 ¹²
338 2396 392 2403 —
449 2373 515 2411 30.
550 2373 659 2424 lpse,
697 2378 905 2423 patronus,
945 2371 1014 2408 vel
1053 2371 1166 2408 dives
1202 2371 1273 2408 ille
1304 2385 1350 2408 ac
1382 2385 1461 2410 no-

128 2529 180 2550 11.
208 2517 264 2550 Cf.
283 2517 404 2551 Heins.
432 2516 476 2548 ad
504 2516 608 2549 Ovid.
636 2515 680 2548 A.
697 2514 740 2548 A.
799 2514 939 2547 Saturn.
972 2515 1087 2550 Serm.
1122 2515 1170 2556 Π,
1203 2524 1252 2558 ¹9·
1300 2514 1458 2547 Hottom.

79 2575 151 2615 III,
174 2575 250 2607 515..
279 2575 382 2607 Corte
413 2574 457 2607 ad
481 2574 572 2606 Pliu.
599 2574 665 2616 Ep.
695 2572 742 2606 V.
800 2571 844 2604 ad
873 2574 946 2605 Cic.
980 2573 1095 2604 Divin.
1123 2573 1159 2604 in
1193 2570 1237 2614 Q.
1265 2571 1394 2603 Caecil.
1429 2584 1456 2604 e.

82 2631 138 2664 13.
180 2639 264 2663 extr.
295 2632 415 2665 Burm.
454 2631 498 2663 ad
537 2630 638 2672 Vix-g.
677 2629 742 2662 Ge.
803 2631 856 2663 14.
905 2631 1053 2673 Interpr.
1081 2630 1176 2661 Flos.
1199 2628 1256 2668 iv,
1282 2639 1316 2668 2,
1336 2639 1368 2659 2.

79 2687 146 2728 111,
167 2687 245 2721 234.
266 2695 300 2721 et
316 2689 404 2722 Aen.
435 2687 518 2729 XII,
548 2685 619 2722 106.
649 2686 742 2730 Lips.
850 2698 902 2719 12.
926 2697 956 2719 v.
976 2687 1068 2720 Pnn.
1091 2684 1236 2725 XXXV,
1276 2696 1325 2717 ια.
1350 2696 1377 2717 s·
1402 2684 1459 2718 46.

848 2756 943 2796 02
