1686 3089
174 135 258 177 630
576 132 1164 176 COMMENTARIVS

182 249 253 300 qui
298 248 477 300 pretiosa
509 249 689 288 triclinia
729 252 811 289 oris
851 250 1124 288 excrementis
1155 248 1430 300 foedaverint3
1479 249 1569 298 sedj

185 315 294 367 quod
318 315 451 354 Schol.
471 318 550 356 iam
573 320 807 370 perspexit,
837 323 900 354 est
921 316 1165 367 simpliciter
1203 318 1404 367 magnifici
1433 319 1568 356 tricli-

185 383 246 420 nii
274 382 518 435 descriptio,
559 399 670 424 more
706 383 909 422 Iuvenalis
948 383 1206 432 adumbrata,
1247 385 1317 436 qui
1346 385 1389 421 in
1423 386 1570 423 talibus

187 463 356 501 spurcas
381 461 500 489 voces
521 451 823 490 honestioribus
847 451 1058 502 praeferre
1079 451 1195 489 solet.
1255 451 1299 488 Si
1323 452 1411 503 quis
1434 459 1570 491 tamen

186 519 369 568 pytisma
401 532 492 555 cum
529 519 731 567 Scaligero
769 518 819 556 de
853 519 1090 557 cottabismo
1124 519 1306 569 accipere
1330 519 1457 565 velit,
1495 533 1571 558 nec

190 583 259 621 hic
283 587 460 636 ineptam
486 586 866 636 interpretationem
889 587 1135 637 probaverit.
1208 585 1476 635 Cogitandum
1513 593 1575 625 est

190 657 327 690 autem
351 653 400 690 de
423 654 721 703 simplicissimo
747 654 979 690 cottabismi
1001 667 1170 703 genere,
1210 666 1289 704 quo
1306 651 1394 690 vini
1415 659 1575 704 partem

190 719 397 757 residuam
420 734 441 756 e
463 720 611 770 poculo
632 721 675 758 iu
698 720 977 772 pavimentum
1000 721 1292 758 iaculabantur.
1339 720 1420 757 Pro
1440 721 1575 758 orbem

189 784 404 835 legendum
431 800 517 823 esse
543 787 774 837 suspicabar
799 802 963 833 oeczcm,
1005 787 1114 840 quod
1135 787 1306 825 verbum
1327 785 1376 824 de
1409 788 1575 825 concla-

191 853 334 898 vibus,
366 853 584 890 maioribus
608 853 824 893 hominum
848 856 1114 893 conventibus
1136 853 1359 902 destinatis,
1386 854 1577 905 usurpari

193 919 309 956 solet.
370 920 433 958 Cs.
449 921 613 959 Vitruv.
635 923 708 970 VI,
732 924 768 971 5,
781 925 817 960 4.
877 922 998 960 Nunc
1014 936 1217 975 perpensa
1234 921 1426 972 Scaligeri
1440 922 1579 973 expli-

195 987 354 1023 catione
377 993 418 1023 et
449 988 656 1026 Iuvenalis
679 989 842 1027 dicendi
864 1004 999 1037 more,
1036 990 1106 1041 qui
1132 988 1450 1039 generalioribus
1492 990 1581 1026 cir-

197 1053 506 1104 cuniscripssiora
534 1056 747 1107 praeferre
782 1056 908 1102 solet,
962 1057 1096 1093 orbem
1139 1069 1284 1092 verum
1334 1069 1420 1093 esse
1464 1062 1577 1106 puto.

192 1120 517 1159 Lacedemonitcs
539 1123 648 1159 orbis
670 1128 733 1160 est
757 1124 923 1161 macula
946 1124 990 1160 in
1018 1136 1221 1160 marmore
1245 1122 1464 1170 Laconico,
1493 1124 1578 1160 cir—-

192 1187 280 1224 culi
304 1191 479 1238 speeiem
494 1203 666 1239 geren-5,
698 1190 925 1230 cuiusmodi
960 1191 1138 1227 maculae
1177 1189 1368 1227 marmori
1397 1190 1579 1239 pretium

193 1252 395 1292 addidisse
425 1256 629 1295 videntur.
700 1257 749 1295 In
783 1256 894 1304 ,hunc
930 1270 1094 1295 sensum
1130 1257 1284 1307 accipio
1324 1256 1460 1293 locum
1485 1255 1583 1295 Sem

191 1319 269 1371 Ep.
311 1323 376 1371 87.
406 1325 577 1374 Pauper
607 1324 692 1362 sihi
727 1325 892 1362 videtur
924 1339 975 1362 ac
1006 1324 1224 1368 sordidas,
1279 1324 1365 1360 nisi
1398 1324 1582 1373 parietes

194 1391 363 1439 magnis
381 1393 578 1440 preliosis
602 1392 830 1429 orbibus
857 1392 1120 1443 reficlserc'nc‚
1163 1393 1251 1429 nisa·
1286 1390 1581 1428 Alexandrina

195 1467 401 1495 marmora
420 1459 664 1496 Numidicis
685 1460 836 1498 crustis
859 1459 1059 1496 discincta
1082 1461 1212 1497 sint.“
1273 1456 1476 1509 Equidem
1507 1457 1582 1494 ad-

195 1523 352 1560 sentior
380 1524 569 1562 Ferrario
605 1532 646 1562 et
679 1527 863 1576 pytisma
894 1524 935 1561 h.
969 1525 996 1562 l.
1024 1538 1107 1562 non
1145 1524 1266 1562 modo
1295 1524 1460 1561 salivam
1505 1538 1580 1564 seu

196 1595 385 1639 sputum,
413 1591 483 1628 sed
509 1593 629 1630 etiam
651 1605 809 1630 merum
833 1592 985 1641 largius
1006 1590 1198 1629 haustum
1233 1592 1396 1642 orisque
1430 1605 1581 1630 excre-

194 1663 331 1694 menta
354 1657 434 1694 dici
459 1659 725 1707 crediderim,
758 1659 936 1709 adeoque
961 1658 1163 1708 designari
1186 1667 1226 1694 et
1250 1657 1456 1696 hominem
1474 1673 1582 1710 opu-

190 1723 349 1761 lentum
373 1725 640 1778 eumdemque
659 1726 918 1763 luxuriosum
938 1739 981 1762 ac
1002 1731 1255 1776 potatorem,
1284 1725 1354 1776 qui
1379 1726 1581 1766 eiusmodi

191 1791 411 1842 pytismate
451 1793 585 1831 orbem
621 1794 788 1838 Laced„
823 1806 1002 1830 mensam
1031 1806 1060 1830 s.
1087 1792 1368 1843 pavimentum
1403 1807 1582 1831 marmo-

193 1870 330 1906 reum,
361 1860 556 1908 lubricet,
585 1860 827 1899 madefaciat
855 1866 976 1912 atque
1001 1860 1213 1911 inquinet,
1259 1865 1301 1896 et
1326 1858 1582 1909 splendidam

195 1924 282 1961 eius
318 1925 507 1975 domum,
560 1926 662 1975 (cui
698 1928 868 1966 humilis
902 1941 939 1965 v.
974 1926 1062 1977 169.
1094 1926 1279 1977 opposita
1325 1925 1424 1975 est)
1462 1933 1579 1977 parte

195 1992 308 2042 (orbe
334 1995 507 2040 Laced.)
537 2009 613 2045 pro
636 2000 723 2032 toto
745 1996 890 2046 posita.
950 1994 1018 2031 Sic
1044 1993 1219 2030 multum
1248 1998 1289 2029 et
1315 1993 1508 2044 ponderis
1539 1999 1583 2033 et

194 2061 384 2098 sarcasmi
408 2061 516 2100 inest
537 2061 600 2099 his
625 2062 761 2100 verbis
785 2068 905 2114 atque
934 2060 1137 2099 sententia
1165 2059 1382 2098 admodum
1408 2074 1584 2099 consen-

192 2132 312 2165 tanea
334 2134 421 2166 tum
445 2129 609 2178 ingenio
632 2136 775 2181 poetae
797 2130 986 2179 satyrici,
1017 2133 1105 2163 tum
1127 2127 1310 2164 moribus
1335 2127 1446 2164 illius
1476 2128 1581 2176 aevi,

190 2196 412 2247 praecipue
453 2210 552 2236 vero
585 2196 857 2248 spurcissimis
893 2194 1251 2233 comessationibus
1286 2195 1582 2233 obscoenitati-

191 2262 347 2313 busque
362 2263 484 2301 inodo
514 2264 576 2311 (v.
610 2263 685 2302 162
710 2277 791 2315 seq.
815 2269 856 2300 et
885 2275 962 2309 170
987 2256 1086 2312 seq.)
1117 2262 1365 2299 memoratis.
1419 2260 1578 2300 Eadem

190 2329 380 2367 firmatur
400 2330 502 2368 locis
524 2331 642 2368 simil.
666 2331 740 2378 VI,
768 2331 848 2380 429
873 2342 953 2379 seq.
985 2334 1026 2365 et
1042 2357 1052 2376 ,
1081 2341 1181 2380 quae
1201 2328 1259 2366 ibi
1281 2327 1442 2366 laudata
1467 2333 1581 2376 sunt,

190 2395 337 2436 Horat.
367 2398 445 2436 Od.
475 2398 528 2445 II,
568 2399 628 2446 14,
662 2410 728 2447 27.
760 2396 843 2434 Cic.
880 2394 984 2433 Phil.
1019 2396 1070 2443 II,
1106 2395 1172 2433 41.
1206 2401 1247 2433 et
1279 2395 1385 2432 Salv.
1421 2395 1493 2432 IV.
1528 2394 1581 2433 ad

190 2461 301 2501 Eccl.
326 2465 441 2503 Cath.
503 2465 588 2502 Cur
608 2478 708 2502 vero
733 2465 867 2501 minor
889 2463 1104 2514 spurcities
1135 2462 1183 2500 ab
1215 2461 1255 2500 h.
1278 2462 1304 2500 l.
1343 2462 1474 2499 aliena
1508 2467 1581 2510 est,

190 2531 225 2567 si
269 2532 440 2570 maiores
489 2532 623 2578 eidem
669 2533 733 2571 rei
777 2531 1027 2570 conveniunt
1067 2535 1108 2568 et
1137 2543 1175 2566 v.
1219 2529 1359 2568 162—
1381 2540 1469 2579 172.
1500 2527 1579 2566 tri-

191 2597 406 2636 buuntur'?
435 2596 479 2621 ⁴⁶

245 2673 301 2706 46.
351 2675 418 2708 Ios.
451 2675 609 2717 Scaliger
650 2676 694 2708 ad
731 2675 855 2707 Manu.
915 2675 1042 2707 tismaN
1092 2674 1266 2707 referebat
1318 2672 1362 2707 ad
1411 2670 1580 2715 κότταβον

195 2744 229 2775 p.
256 2745 304 2765 m.
330 2733 408 2765 451.
432 2733 600 2776 pitysma
628 2734 764 2773 (immo
781 2742 857 2776 py-
915 2744 944 2764 s.
979 2729 1232 2774 κοττιιβισμὸν,
1277 2742 1387 2774 genus
1418 2728 1578 2769 ludendi,
