1686 3089
204 147 264 191 44
615 146 1199 190 COMMENTARIVS

205 264 352 312 va'rjm‚
401 264 533 312 solus,
575 264 665 302 sine
694 263 946 315 hospitibus,
989 263 1155 314 fhrcula
1189 269 1342 312 septem
1374 262 1587 301 coenavit.-

204 346 318 379 nam,
357 331 466 383 quod
491 332 656 369 Servius
692 331 741 368 ad
768 331 882 382 Virg.
904 330 1007 368 Aen.
1042 330 1073 377 I,
1106 329 1196 376 637.
1229 342 1250 365 e
1281 326 1432 366 Catone
1466 335 1587 366 nota-

203 401 288 443 vit,
328 402 370 435 in
394 401 502 437 atrio
534 407 571 436 et
599 398 756 435 duobus
771 398 953 450 servulis
985 395 1263 447 epulabantur
1287 398 1463 447 antiqui.
1522 394 1586 433 Cf.

204 466 295 505 Val.
315 466 426 503 Max.
450 467 504 513 II,
527 467 564 512 5,
599 467 635 503 5.
664 471 706 503 et
733 466 846 515 Lips.
866 463 1005 515 Antiq.
1041 463 1176 500 Lectt.
1207 462 1298 500 Lib.
1320 463 1394 501 III.
1432 466 1587 501 Fercu-

204 535 313 581 lum,
354 534 420 570 vel
459 533 630 584 quodvis
663 533 849 570 ciborum
884 545 1010 582 genus
1051 537 1093 568 et
1123 531 1287 582 quaevis
1322 532 1480 582 patina3
1522 531 1591 569 vel

203 602 389 653 patinae,
436 615 536 652 quae
568 601 690 638 simul
724 605 987 650 apponuntur
1014 599 1055 636 in
1091 612 1249 646 mensa,
1296 599 1440 636 missus
1476 600 1593 638 cibo-

202 681 297 708 rum
322 668 581 712 carniumve,
621 681 740 719 quam
761 667 970 717 propriam
994 668 1105 704 vocis
1126 667 1210 706 vim
1243 679 1332 703 esse
1357 666 1478 705 docet
1498 652 1613 703 No-⁹

204 737 312 774 nius.
365 735 428 773 Cs-
456 735 551 783 VII,
581 735 666 772 184.
697 740 739 771 et
763 732 839 781 XI,
863 734 927 771 64.
1041 734 1219 771 Coenare
1234 734 1405 784 sert-ula
1426 734 1593 777 dicitur,

203 810 251 841 ut
279 820 312 840 c.
325 805 506 854 patinas
543 816 603 853 ap.
627 801 772 839 Horat.
810 800 940 852 Epist.
963 800 995 848 I,
1032 801 1092 849 15,
1116 798 1181 839 34.
1239 801 1347 839 Nota
1377 800 1595 839 Ramisesii

202 871 255 910 ad
277 871 454 909 Martial.
481 864 531 908 de
552 874 676 920 spect.
701 868 779 919 Ep.
816 868 851 905 6.
891 873 954 905 est
986 866 1107 905 haec:
1145 867 1376 916 „luvenalis
1405 882 1489 906 non
1514 881 1594 905 no-

202 945 261 976 tat
284 939 348 975 sui
370 938 567 989 temporis
588 935 797 974 luxuriam
817 949 865 972 eo
887 935 1074 982 nomine,
1123 936 1233 986 quod
1257 944 1408 986 septem
1422 935 1594 987 fereula

202 1015 353 1043 secreto
375 1012 614 1043 eoenarent:
656 1002 699 1040 id
720 1002 850 1049 enim,
891 1002 925 1038 si
953 1002 1040 1038 eius
1073 1003 1268 1053 temporis
1303 1016 1438 1040 mores
1462 1002 1594 1052 inspi-

203 1074 306 1119 cias,
347 1072 530 1110 sobrium
553 1076 687 1117 esset3
726 1068 796 1106 sed
818 1075 982 1107 acutum
1022 1075 1084 1106 est
1107 1076 1389 1118 argumeu†um
1421 1084 1442 1106 a
1465 1069 1596 1105 maio·

202 1141 265 1188 ri,
306 1145 353 1176 ut
374 1140 500 1176 aiunt.
558 1138 641 1175 Avi
666 1137 822 1184 nostri,
861 1135 1022 1188 quando
1048 1142 1204 1173 secreto
1233 1136 1476 1183 coenabant,
1515 1148 1595 1187 quo

202 1205 418 1246 hominum
452 1204 591 1241 oculos
620 1203 816 1251 vitarent,
863 1217 916 1241 ne
958 1203 1166 1240 luxuriosi
1205 1202 1416 1251 audirent,
1473 1216 1597 1241 num—

204 1288 325 1326 quam
346 1274 405 1310 ita
425 1270 631 1322 splendidi
652 1270 843 1317 suerunt,
886 1276 934 1307 ut
953 1276 1109 1320 septem
1134 1277 1375 1308 coenarent:
1414 1283 1487 1307 vos
1513 1283 1597 1308 non

202 1346 362 1379 secreto
377 1369 387 1387 ‚
427 1337 498 1375 sed
522 1337 686 1389 publice
709 1338 924 1375 innumera
948 1337 1104 1375 fercula
1124 1337 1341 1373 coenatis.“
1395 1338 1507 1375 Haec
1528 1338 1595 1374 in-

202 1409 369 1459 geniose
396 1405 605 1456 disputata
628 1418 713 1441 esse
736 1410 854 1454 putat
882 1405 1006 1442 Hein.
1023 1434 1032 1451 ,
1071 1403 1143 1442 sed
1176 1404 1351 1441 forfasse
1387 1404 1594 1456 vulgarem

201 1471 504 1526 interpretandi
528 1471 728 1509 rationem
751 1477 957 1522 praestare
974 1478 1146 1522 propter
1164 1485 1202 1508 v.
1231 1471 1317 1509 136.

318 1562 369 1612 95
412 1573 493 1611 seq.
549 1558 721 1596 Nobiles
764 1559 941 1596 Romani
987 1572 1069 1596 nou
1111 1558 1349 1610 aliquando,
1395 1565 1442 1596 ut
1483 1560 1593 1608 olim,

202 1629 469 1682 pauperiores
495 1626 663 1663 cliemes
689 1624 738 1662 ad
759 1626 907 1663 iustam
932 1639 961 1662 s.
990 1632 1140 1663 rectam
1165 1640 1329 1663 coenam
1350 1627 1592 1671 invitabant,

201 1696 275 1734 sed
300 1700 472 1746 propter
505 1692 741 1744 quotidiana
775 1693 1063 1732 salutationum
1097 1693 1225 1731 officia
1259 1695 1487 1744 sportulam
1521 1694 1593 1732 da-

200 1763 301 1802 bant
327 1775 356 1798 s.
382 1761 640 1812 sportellam,
687 1759 725 1797 h.
750 1774 783 1797 e.
811 1761 1040 1808 corbulam,
1088 1774 1188 1812 quae
1218 1761 1290 1797 vel
1313 1762 1482 1809 cibaria,
1536 1759 1595 1816 (et

203 1829 395 1882 quidem,
433 1834 479 1864 ut
501 1833 670 1879 puianf„
712 1828 845 1879 qualia
878 1841 951 1866 nos
986 1829 1108 1878 vulgo
1149 1829 1256 1866 kalte
1286 1828 1429 1866 Kilelze
1468 1842 1593 1866 voca-

201 1891 312 1948 mus)
341 1894 408 1932 vel
434 1901 596 1932 centum
621 1894 866 1946 quadrantes
895 1895 1140 1933 continebat.
1160 1892 1197 1915 3⁷
1261 1895 1446 1932 Dabatur
1469 1895 1591 1933 etiam

200 1963 367 2016 publica
392 1962 577 2012 sportula
602 1968 642 1998 et
675 1950 801 1999 coeiia
826 1969 937 2000 recta
984 1977 1022 2000 v.
1056 1963 1164 2000 Sue‘s.
1193 1962 1290 2000 Ner.
1320 1963 1379 2000 16.
1407 1968 1446 2000 et
1469 1963 1591 2001 Dom.

204 2043 241 2080 7.
334 2030 473 2079 primo
493 2030 650 2075 limine,
679 2029 722 2066 in
749 2031 881 2080 prima
905 2031 991 2068 eius
1016 2035 1142 2080 parte,
1173 2036 1264 2068 ante
1291 2030 1401 2067 sores
1428 2030 1590 2069 aedium

204 2103 246 2134 et
269 2095 444 2142 atrium,
482 2095 527 2132 in
549 2096 763 2134 vestibulo.
825 2096 890 2134 Cf.
910 2098 1024 2147 Virg.
1057 2098 1158 2134 Aen.
1183 2098 1236 2145 II,
1271 2098 1364 2149 469.
1393 2099 1466 2146 VI,
1498 2099 1590 2147 427.

196 2177 362 2215 parva,
391 2175 485 2199 nam
510 2162 693 2213 sportula
712 2163 754 2199 in
781 2163 866 2201 dies
891 2164 1221 2202 imminuebatur.
1336 2165 1467 2209 sedet,
1499 2171 1591 2213 stat,

201 2230 436 2283 apponitur,
495 2227 560 2266 Cf.
584 2228 635 2266 ad
666 2229 720 2277 II,
759 2242 849 2271 120.
971 2233 1178 2282 rapienda
1209 2245 1231 2270 a
1262 2232 1478 2281 famelicis,
1522 2234 1591 2285 qui

203 2394 318 2428 Loud.
354 2392 450 2438 1728.
472 2393 631 2436 ’Zuggeri
650 2393 738 2426 Ven.
773 2393 870 2437 17-6.
928 2396 994 2436 111,
1020 2408 1051 2441 7.
1078 2404 1111 2427 et
1137 2395 1188 2436 14,
1207 2395 1240 2428 5.
1272 2395 1366 2436 Vm,
1388 2397 1440 2437 fo,
1464 2408 1513 2431 10.
1546 2397 1590 2439 X,

203 2452 318 2485 Adam
353 2451 466 2483 Loud.
502 2450 598 2494 1764.
624 2451 780 2491 Comini,
801 2452 873 2483 Fe-
928 2466 983 2494 27,
1005 2454 1036 2486 5.
1071 2454 1124 2495 75,
1147 2466 1198 2486 11.
1250 2452 1345 2485 Suet.
1369 2454 1448 2487 Ner.
1469 2455 1520 2487 143..
1556 2463 1590 2487 et

210 2510 323 2542 libieu
348 2517 381 2540 et
405 2510 478 2541 alii.
527 2508 582 2541 Cf.
609 2508 673 2541 inf.
705 2508 796 2550 xlv,
831 2508 874 2541 88
929 2511 1063 2543 Domit.
1082 2510 1114 2542 4.
1134 2519 1166 2542 et
1191 2523 1221 2554 7.
1256 2510 1385 2543 Potteri
1405 2510 1590 2543 Archaeol.

207 2571 279 2608 seq.
931 2567 994 2599 Gr.
1016 2567 1119 2600 T.11.
1148 2568 1187 2600 L.
1216 2570 1278 2602 IV.
1310 2580 1339 2600 c.
1365 2579 1415 2611 17.
1444 2580 1479 2611 p.
1509 2567 1588 2611 627.

252 2625 308 2667 57.
334 2622 438 2655 conf.
459 2622 524 2655 ius.
553 2633 584 2656 v.
613 2633 687 2654 120.
730 2621 874 2667 IIL127
921 2624 1011 2660 1328.
1059 2636 1149 2657 vers.
1192 2637 1305 2667 germ.
1346 2623 1491 2659 Casaub.
1545 2625 1589 2658 ad

207 2692 283 2723 seq.
320 2680 386 2724 249
416 2690 489 2724 seq.
520 2679 674 2726 Martial.
702 2681 727 2721 1,
761 2679 815 2723 60,
849 2692 877 2713 ι.
931 2682 1060 2718 Athen.
1079 2682 1174 2727 VIII,
1203 2693 1254 2727 ¹7·
