1686 3089
220 169 300 223 762
418 164 894 209 COMMENTARIVS
939 162 1003 205 1N
1039 162 1239 208 IVVEN.
1276 163 1397 204 SAT.
1423 162 1516 203 xv.

217 286 382 323 canetis
407 283 678 328 animalibus,
705 280 746 320 h.
775 295 807 319 e.
833 292 976 319 eorum
999 291 1142 327 carne,
1173 284 1216 317 et
1238 279 1478 331 quibusdam
1494 294 1603 332 quoe

217 367 298 406 que
336 352 617 403 leguminibus
647 350 905 393 abstinebat,
955 346 1013 400 (v,
1043 347 1093 385 ad
1130 347 1204 396 III,
1242 343 1354 399 229.)
1387 362 1431 386 ac
1465 347 1605 400 lepide

219 422 343 459 simul
392 420 514 457 huius
559 416 795 471 philosophi
851 415 1040 454 doctrina
1089 414 1140 453 de
1188 410 1502 468 μετεμψυχώσει
1547 421 1603 465 et,

213 503 342 542 quem
363 487 460 526 inde
479 487 775 538 praecipiebat,
800 484 933 522 victus
960 483 1181 530 irridetur,
1212 496 1331 534 quam
1359 483 1483 520 etiam
1505 496 1605 534 per-2-

215 556 391 595 strinxit
414 554 498 592 Cic.
524 554 576 592 de
598 554 695 591 Div.
718 553 774 600 II,
798 553 863 589 58.
896 557 938 588 et
961 550 1236 602 asperioribus
1266 550 1428 589 facetiis
1451 550 1606 589 Lucia-

215 639 295 664 nus
328 624 372 662 in
400 622 600 672 ‘Dialogo,
643 620 713 672 qui
747 616 944 673 ’Όνειρος
993 615 1021 668 ἢ
1067 612 1323 670 Ἀλεκτρυών
1353 617 1606 657 inscribitur.

210 706 317 742 1172*
352 691 480 735 haec,
510 689 630 736 talia,
666 696 863 732 monstra,
894 692 1136 735 monstrosa,
1175 691 1415 736 portentosa
1441 686 1607 735 scelera,

214 761 288 812 (ut
319 771 486 798 v..121.
527 756 600 796 ubi
635 768 674 793 v.
707 754 816 805 not.)
855 755 990 806 qualia
1030 758 1321 804 perpetrarunt
1354 752 1609 804 Tentyritae.

222 829 312 878 174.
348 828 578 876 Tamquam
607 822 785 866 homine,
814 828 1022 874 tamquam
1046 819 1235 868 hominiS‚
1265 833 1348 858 non
1371 822 1607 860 animalium

217 909 313 934 caro
336 899 464 941 esset;
516 891 585 930 vel
606 896 812 942 tamquam
835 890 1024 927 animalia
1055 889 1130 926 vix
1155 888 1369 926 differrent
1391 889 1438 926 ab
1470 888 1608 927 homi-

215 964 358 1010 nibus,
399 960 493 1013 quia
524 959 682 997 animae
721 958 804 995 illis
837 964 988 1004 essent,
1043 970 1146 1007 quae
1180 957 1224 994 in
1259 969 1434 1008 corpora
1464 969 1609 994 eorum

215 1030 574 1079 transnfigrassent
613 1041 636 1063 e
677 1026 919 1077 corporibus
960 1023 1159 1062 humanis.
1230 1024 1349 1063 Cons.
1390 1024 1508 1072 XIV,
1540 1025 1606 1075 98.

215 1099 354 1138 ventri
380 1096 580 1139 indulsit,
623 1093 745 1132 edere
768 1092 977 1146 permisit,
1022 1106 1105 1131 ηοιι
1131 1107 1248 1131 omne
1275 1093 1492 1145 legumen,
1535 1091 1607 1130 sed

218 1164 418 1219 quaedam
451 1163 574 1204 edere
598 1163 743 1203 vetuit.

1102 1918 1113 1960 τι
