1686 3089
483 169 559 210 IN
605 169 842 210 IVVEN.
892 169 1033 211 SAT.
1083 170 1114 211 1.
1435 180 1490 225 27

100 284 217 335 genio
247 290 320 323 'suo
341 284 464 335 magis
501 298 620 337 quam
655 291 770 323 antea
794 284 1006 336 indulgere
1040 285 1178 337 possit.
1238 286 1347 324 Bene
1375 291 1493 338 com-7⁴

97 358 245 401 parant
266 353 390 390 verba
414 353 582 391 Iunonis
606 352 655 390 de
677 353 859 390 Hercule
885 367 947 404 ap.
983 353 1124 390 Senee.
1162 353 1206 390 in
1235 353 1360 390 Herc.
1387 355 1485 393 Fur.

97 420 164 456 34.
207 420 385 471 Superat
433 429 473 457 et
510 423 655 458 crescit
695 421 819 457 malis
857 423 1002 474 iraque
1031 430 1172 459 noslrci
1196 422 1390 472 fi·zcimr‚
1441 425 1488 460 in

97 486 243 524 laudes
282 501 380 525 suas
418 502 509 526 mea
538 490 660 526 vertit
688 488 795 525 odia.
814 483 852 504 ²¹
920 489 1120 527 Similiter
1155 489 1318 526 Persius
1345 489 1398 537 II,
1425 489 1488 527 68.

98 553 230 592 dixit:
276 564 447 605 peccat.-
499 558 602 593 vitio
642 565 781 593 lamen
812 557 953 593 utitur.
1020 557 1112 594 Irae
1147 562 1282 593 autem
1319 555 1490 594 deorum

96 621 227 658 tribui
249 627 290 658 et
317 622 365 658 ab
390 636 436 660 ea
455 623 611 674 repeti,
653 623 852 674 quidquid
874 623 970 662 mali
1005 630 1125 676 atque
1147 623 1305 660 adversi
1328 624 1491 661 contin-

95 693 164 738 gat
184 687 438 737 hominibus,
472 696 519 727 ut
540 688 647 727 bo'na
666 706 687 728 a
709 691 793 728 clii-s
811 693 1017 741 propitiis
1027 719 1040 737 ,
1082 692 1157 728 vix
1178 698 1237 728 est
1261 690 1371 741 quod
1399 705 1492 728 ino-

93 769 222 794 neam.
238 752 280 775 ²²
317 758 493 802 victrix,
533 758 705 794 verbum
744 757 933 806 forense,
972 765 1020 796 ut
1043 761 1195 806 vietor,
1236 761 1398 796 vincere
1421 761 1492 796 ia-

93 824 226 872 dieio,
277 826 440 862 vinc-ere
473 838 665 871 causam;
713 825 865 876 Grang.
943 827 1007 864 51.
1041 827 1209 863 lacerna
1252 827 1491 873 Venusina,

93 891 236 939 satira,
278 892 415 943 quales
440 892 641 929 Horatius
679 893 933 943 composuit,
971 893 1039 931 vel
1072 894 1205 930 satiris
1240 893 1491 943 Horatianis,

93 957 230 997 studio
259 965 299 996 et
334 959 689 997 lucubrationibus
719 959 907 1006 Horatii,
955 962 1025 1012 qui
1056 962 1197 998 satiras
1227 961 1391 1011 scripsit
1417 975 1492 999 cu-

92 1027 237 1078 iusque
258 1027 391 1078 patria
423 1027 507 1065 suit
531 1028 719 1065 Venusia
753 1040 782 1063 S.
813 1028 1068 1074 Venusiam,
1107 1042 1199 1078 opp.
1233 1028 1277 1065 in
1313 1027 1492 1066 confinio

94 1092 304 1131 Lucaniae
335 1100 375 1130 et
403 1093 577 1145 Apuliae
607 1095 740 1131 situm.
838 1095 903 1130 52.
930 1097 1109 1145 agitem,
1149 1096 1347 1139 insccter,
1390 1109 1491 1146 per-

97 1161 315 1211 stringam,
354 1167 518 1208 notem3
559 1161 626 1197 vel
649 1161 780 1211 simpl.
801 1173 1041 1211 persequar,
1077 1168 1348 1211 pertractem„
1410 1164 1494 1201 Sed

94 1228 222 1281 quid,
260 1242 356 1276 cur,
397 1226 465 1277 (ut
501 1228 541 1267 τί
570 1241 645 1277 pro
679 1228 812 1277 διατί)
850 1228 934 1264 scil.
971 1228 1139 1277 agitem,
1176 1231 1314 1280 magis
1345 1231 1490 1268 Hera—

92 1297 225 1343 cleas,
270 1290 520 1347 ‘Hpamlet'occ
544 1295 726 1342 fabulas,
768 1303 842 1331 aut
864 1294 1116 1331 Diomedeas
1142 1301 1240 1343 cet.,
1284 1298 1490 1347 quomodo

93 1363 218 1413 magis
242 1363 456 1399 conveniat
476 1362 654 1399 scribere
678 1361 836 1399 fabulas
862 1361 912 1398 de
932 1362 1133 1410 Hercule,
1161 1362 1366 1401 Diomede
1392 1372 1491 1412 θοὴ,

93 1444 197 1481 quae
221 1430 314 1467 satis
332 1436 452 1467 notae
474 1435 591 1476 sunt,
632 1434 672 1466 ct
699 1443 720 1466 a
739 1430 894 1480 poetis,
949 1435 1032 1465 tam
1060 1429 1226 1478 optimis
1252 1445 1372 1481 quam
1395 1446 1492 1484 pes·-

93 1497 226 1542 simis,
264 1496 503 1547 pertractari
529 1495 693 1534 solent?
720 1496 871 1533 Nonne
893 1496 1024 1533 multo
1058 1496 1200 1532 utilius
1225 1503 1308 1546 est,
1347 1501 1489 1538 satiras

93 1564 297 1609 scribere,
350 1576 470 1614 quam
502 1561 601 1599 haec
638 1562 823 1601 sabulosa
859 1564 1052 1615 persequi
1085 1569 1126 1603 et
1146 1565 1371 1615 repetere?
1423 1566 1488 1606 Cf.

93 1644 181 1682 sup.
207 1644 242 1668 v.
271 1643 290 1680 7
307 1652 359 1658 ——
380 1631 440 1669 14.
521 1632 726 1681 mugitum
744 1631 1022 1681 Labyrintlzi,
1053 1630 1233 1668 fabulam
1257 1631 1306 1668 do
1328 1632 1490 1672 Theseo

93 1704 136 1735 et
159 1699 419 1746 Minotauro,
458 1699 501 1736 in
532 1698 767 1748 labyrintho
793 1699 952 1736 incluso
986 1704 1028 1735 et
1057 1699 1287 1748 ningiente3
1331 1700 1381 1738 de
1409 1716 1490 1753 quo

93 1778 132 1802 v.
156 1766 302 1816 Heyne
326 1766 376 1803 ad
396 1766 587 1818 Apollod.
610 1767 685 1813 III,
715 1779 748 1814 1,
771 1768 808 1804 4.
854 1768 916 1814 15,
941 1768 976 1803 8.
998 1772 1037 1803 et
1059 1779 1095 1816 9.
1153 1766 1220 1802 De
1253 1766 1490 1817 labyrintho

94 1838 178 1871 tam
198 1833 445 1885 Aegyptiace
475 1847 594 1885 quam
619 1833 808 1871 Cretensi
828 1847 867 1871 v.
903 1827 1114 1870 Creuzer's
1136 1832 1350 1882 Symbolik
1387 1836 1435 1873 T.
1457 1836 1489 1873 I.

93 1914 133 1952 p.
159 1902 250 1940 320.
275 1915 355 1953 seq·
381 1902 454 1949 IV,
480 1903 568 1939 115.
592 1915 673 1953 seq.
751 1915 863 1937 mare
883 1914 1126 1951 percussum
1143 1913 1286 1949 puero,
1310 1900 1490 1940 fabulam

94 1967 145 2005 de
170 1969 306 2016 Icaro,
341 1968 515 2006 Daedali
539 1969 651 2012 filio,
694 1968 814 2005 altius
836 1967 998 2008 volante
1025 1974 1066 2004 et
1099 1967 1140 2004 in
1169 1980 1279 2003 mare
1311 1967 1490 2008 Icarium

94 2034 329 2083 decidente,
366 2050 468 2088 quae
487 2036 554 2073 vel
580 2035 781 2073 tironibus
813 2040 912 2072 nota
933 2039 993 2071 est
1021 2047 1074 2070 ex
1096 2032 1218 2070 Ovid.
1242 2034 1348 2072 Met.
1369 2036 1487 2085 VIII,

98 2090 174 2153 195
197 2116 279 2154 seq.
306 2104 376 2141 ubi
412 2109 452 2141 et
483 2102 534 2139 (le
548 2102 680 2154 fabro
712 2103 904 2146 volante,
946 2099 985 2138 h.
1015 2115 1047 2138 e.
1083 2099 1293 2149 Daedalo,
1332 2116 1490 2142 summo

94 2169 275 2218 artifice,
305 2171 458 2222 agitur,
489 2170 559 2222 qui
579 2169 745 2221 proprie
768 2181 853 2207 non
872 2168 1050 2215 alarum,
1087 2160 1157 2204 sed
1186 2167 1374 2206 velorum
1402 2183 1491 2218 usu,

138 2322 192 2344 21.
218 2311 274 2344 Cf.
300 2312 350 2346 ibi
379 2311 535 2346 Gronov.
574 2312 650 2353 (qui
679 2324 760 2343 ver—
821 2309 914 2343 bibit
953 2310 1148 2344 delendum
1181 2310 1325 2353 putabat
1362 2311 1492 2355 iunge-

92 2369 139 2402 ha
163 2379 279 2402 nostra
301 2371 350 2402 sic
374 2371 637 2415 interpretatur:
664 2370 762 2401 mol-
819 2369 971 2411 batque:
1005 2367 1096 2400 bibit
1126 2372 1162 2398 et
1182 2365 1351 2411 fruitur,
1394 2369 1429 2402 h.
1458 2382 1488 2403 e.

95 2428 164 2459 lius
190 2435 223 2458 et
252 2428 380 2460 lautius
415 2428 517 2467 vivit,
560 2428 641 2468 quia
675 2426 759 2458 deos
818 2425 909 2464 edit,
944 2425 1014 2458 diis
1054 2425 1179 2464 iratis,
1216 2435 1287 2456 non
1311 2427 1385 2458 sine
1420 2426 1486 2458 de-

99 2483 222 2516 hahuit
245 2483 368 2524 iratos,
393 2495 500 2526 quum
524 2483 759 2526 damnaretur)
819 2494 921 2514 orum
943 2481 1196 2524 indignatione.
1243 2482 1423 2524 Donatus,
1446 2484 1489 2516 ab

98 2549 143 2581 et,
167 2552 251 2583 quos
273 2541 374 2573 Heln.
401 2540 570 2581 laudavit,
593 2540 756 2587 Schwarz
819 2553 858 2572 eo
881 2539 1063 2579 laudatus,
1091 2538 1132 2570 ad
1159 2540 1300 2572 Terent.
1325 2540 1487 2574 Eunuch-

99 2607 133 2630 et
160 2597 282 2642 Gierig
306 2597 350 2630 ad
372 2598 465 2631 Plin.
485 2598 612 2640 Paneg.
647 2610 677 2631 c.
701 2597 759 2630 54,
812 2597 872 2638 IV,
888 2610 920 2640 7.
939 2605 1023 2629 extr.
1050 2597 1151 2637 Frui,
1178 2599 1236 2638 ait,
1255 2599 1402 2641 proprie
1429 2602 1487 2629 est

712 2657 715 2658 ⁷
813 2654 935 2694 vesci,
988 2665 1013 2685 a
1049 2652 1236 2699 frumine,
1292 2665 1386 2700 quae
1434 2659 1491 2687 est

144 2721 199 2746 22.
246 2710 449 2755 Grangaeus
500 2723 639 2746 comma
681 2719 758 2755 post
816 2722 956 2746 summa
972 2722 1066 2756 par-5
1087 2710 1218 2757 gulae.
