1686 3089
498 200 575 242 IN
616 199 850 242 IVVEN.
889 198 1029 244 SAT.
1068 200 1124 243 X.
1432 200 1515 246 553

240 313 288 352 81
307 308 440 353 '—-88.
477 314 705 368 Responsio
742 315 914 354 aliorum
939 316 1112 364 civium,
1156 329 1328 367 quorum
1353 317 1511 355 animus

129 381 288 418 servilis
339 389 379 420 et
426 390 560 434 metus
608 383 771 435 syl-:mni
813 384 971 435 egregie
1020 383 1289 421 declarantur.
1362 385 1510 422 maltos

129 447 265 486 Seiani
291 451 456 488 ”amicos
491 451 559 489 vel
597 457 819 502 *suspectos
869 457 980 489 certe
1030 450 1082 488 de
1128 450 1307 488 amicitia
1346 451 1447 489 eius.
1473 448 1514 473 ³0

127 515 194 553 82.
229 517 368 560 Verba
399 520 485 557 Nil
513 518 711 564 dubium5
778 533 934 570 magna
967 526 1025 555 est
1067 519 1327 569 fornacula,
1381 518 1514 557 tribui

124 585 250 622 eriam
288 593 462 637 possunt
499 587 587 624 aliis
628 586 785 624 civibus
820 584 1174 638 respondentibus.
1255 600 1413 636 magna
1453 594 1513 623 est

116 650 374 701 fornacula,
423 654 467 691 in
498 667 577 706 qua
608 653 776 691 Seianus
810 654 926 691 ardet
953 659 993 691 et
1023 666 1123 705 quae
1157 666 1340 703 magnam
1376 651 1517 690 homi-

128 730 230 758 num
261 720 569 759 multitudinem
599 721 719 772 capit.
775 720 838 758 Cf.
875 734 914 758 v.
945 720 993 771 61
1023 734 1105 772 seq.
1127 715 1161 741 3¹
1217 720 1346 758 Poeta
1379 725 1518 758 autem

127 784 236 823 ludit
258 787 466 826 antithetis
504 803 661 840 magna
700 793 739 826 et
759 788 1017 840 firmacula,-
1057 788 1165 825 Lub.
1193 793 1236 825 et
1256 786 1359 825 Ach.
1405 787 1519 825 Pal-

125 852 287 891 adulas
304 861 417 893 metu
440 856 596 893 mortis.
657 855 817 907 Lepide
850 855 1018 907 ponitur
1053 854 1238 894 diminut.

239 934 304 972 83.
333 935 556 974 Brzctidizcs
578 935 728 986 Niger,
759 934 938 983 Aedilis,
967 934 1112 974 rhetor
1135 941 1176 973 et
1198 933 1432 982 historicus,
1461 932 1515 972 de

125 1011 208 1052 quo
227 1013 264 1038 v.
292 1002 391 1042 Tac.
418 1001 525 1041 Anu.
545 1003 619 1052 ΙΙΙ,
645 1003 708 1041 66.
739 1009 780 1040 et
805 1003 946 1040 senec.
962 1003 1122 1041 suasor.
1147 1002 1242 1040 VII.
1279 1015 1390 1038 meus
1414 1001 1518 1039 ami-

124 1081 209 1106 cus.
252 1068 447 1109 Scholion
469 1071 514 1109 in
534 1069 623 1109 cod.
654 1070 774 1108 Alex.
802 1075 882 1107 est:
935 1069 1159 1107 BJ-utidtus
1188 1069 1340 1106 amicus
1368 1068 1520 1117 Seiani,

125 1148 221 1174 cum
245 1137 318 1175 illo
351 1138 532 1176 interfici
563 1139 719 1186 iussus;
763 1144 804 1175 et
827 1144 886 1175 est
917 1149 1003 1174 vox
1034 1137 1197 1188 populi:
1220 1154 1230 1159 ·
1258 1137 1402 1174 obvias
1419 1137 1519 1189 suit

125 1203 234 1240 mila·
266 1205 510 1251 Brutidius,
553 1220 678 1258 quum
705 1205 926 1243 duceretur
959 1204 1008 1241 ad
1038 1211 1225 1242 mortem.
1309 1204 1366 1241 ad
1396 1218 1519 1242 aram

124 1271 284 1309 Martis
315 1273 423 1312 sorte
443 1274 624 1324 Ultoris,
676 1274 789 1311 cuius
827 1272 945 1310 aedes
968 1271 1050 1309 suit
1074 1272 1118 1309 in
1141 1272 1233 1309 soro
1258 1271 1448 1322 Augusti.
1474 1284 1514 1310 v.

126 1339 239 1377 Suet.
261 1340 363 1392 Aug.
388 1353 455 1394 29.
514 1341 564 1381 In
585 1343 688 1381 vicis
713 1347 835 1392 atque
860 1339 963 1377 soris
999 1352 1091 1376 arae
1126 1345 1245 1376 erant
1277 1344 1518 1376 exstructae

124 1407 213 1445 sine
234 1409 414 1460 templis,
445 1415 491 1447 ut
507 1425 585 1456 ezra
608 1411 792 1448 maxima
807 1407 981 1445 Herculi
1001 1406 1153 1453 dicata3
1182 1404 1283 1443 Ach.
1361 1406 1426 1443 84.
1450 1406 1518 1444 85.

827 1470 864 1496 32

127 1475 290 1525 Quam,
328 1483 602 1528 quantopere,
642 1485 797 1519 metuO,
922 1487 975 1511 ne
1002 1474 1194 1511 Tiberius
1204 1502 1214 1521 ,
1264 1473 1370 1509 male
1402 1485 1446 1510 se
1474 1478 1520 1510 et

123 1543 375 1582 maiestatem
399 1546 511 1581 suam
537 1558 559 1580 a
580 1549 725 1581 senatu
749 1548 791 1580 et
823 1541 981 1579 civibus
1008 1540 1221 1592 defensam
1247 1546 1360 1578 ratus
1384 1546 1426 1577 et
1443 1547 1518 1578 'ar-

124 1623 276 1661 guens,
333 1611 395 1649 ira
425 1609 567 1649 furens
596 1604 758 1663 limenas
794 1609 843 1646 de
868 1610 917 1646 iis
948 1609 1115 1659 exigat,
1159 1621 1286 1660 aeque
1314 1621 1359 1645 ac
1387 1609 1513 1653 Aiax,

126 1678 360 1716 Telamonis
383 1676 518 1723 filius,
549 1679 631 1731 qui,
660 1692 785 1730 quum
809 1678 851 1714 iu
878 1675 1043 1722 iudicio,
1073 1689 1198 1726 super
1221 1676 1344 1713 armis
1366 1674 1517 1713 Achil-

124 1745 178 1783 lis
198 1744 364 1793 habito,
407 1747 542 1783 victus
564 1752 671 1784 esset
704 1743 940 1795 eloquentia
961 1741 1124 1791 Ulyssis
1151 1756 1195 1779 ac
1228 1743 1334 1779 male
1370 1742 1518 1793 desen-

124 1826 196 1850 sus
226 1826 249 1850 a
273 1811 464 1859 Graecis,
492 1813 667 1849 testibus
689 1810 857 1849 virtutis
881 1821 996 1856 suae,
1036 1806 1092 1860 (v.
1113 1808 1164 1845 ad
1188 1810 1227 1846 V
1231 1808 1284 1856 H,
1311 1822 1325 1845 1
1340 1808 1423 1858 15.)
1459 1822 1514 1847 ex

128 1880 272 1919 dolore
299 1886 340 1917 ct
359 1879 422 1917 ira
445 1878 488 1916 in
510 1879 666 1917 rabiem
687 1891 851 1924 versus,
889 1874 1022 1927 gladio
1054 1882 1096 1913 et
1130 1876 1289 1927 flagello
1317 1876 1360 1912 in
1383 1889 1516 1927 pecu-

128 1947 200 1987 des
227 1947 374 1990 irruit,
428 1951 543 1984 ratus
575 1960 618 1984 se
652 1947 697 1984 in
734 1945 898 1998 plebem
933 1955 978 1981 ac
1013 1942 1221 1994 principes
1256 1942 1517 1982 Graecorum

127 2016 306 2054 saevire:
347 2013 398 2051 de
424 2027 504 2065 quo
539 2027 576 2051 v.
603 2013 822 2066 Sophoclis
853 2011 961 2057 Αἴας
987 2006 1320 2063 μαστιγοφόρος,
1362 2015 1405 2048 et
1438 2010 1516 2049 inf.

129 2083 182 2122 ad
218 2082 338 2129 XIV,
370 2080 464 2119 286.
543 2081 760 2118 Praeclara
792 2077 1043 2130 comparatio
1076 2077 1259 2124 Tiberii,
1315 2078 1386 2129 qui
1424 2084 1522 2129 post

127 2149 346 2189 interitum
382 2147 539 2196 Seiani,
605 2148 792 2185 immanis
824 2146 983 2184 belluae
1014 2144 1272 2196 hominisque
1299 2145 1518 2184 furibundi

128 2219 272 2266 instar,
301 2216 345 2253 in
369 2228 489 2252 omne
510 2215 663 2253 civium
687 2228 812 2265 genus
832 2214 1115 2253 crudelissime
1138 2214 1296 2261 saeviit,
1323 2211 1377 2265 (v.
1403 2209 1518 2252 Suet.

131 2285 225 2324 Tib.
262 2297 296 2321 c.
321 2283 386 2321 61.
409 2289 449 2321 et
470 2281 552 2335 62.)
582 2296 675 2321 cum
696 2281 820 2320 Aiace
845 2281 1022 2338 furente.
1080 2283 1208 2320 Forte
1231 2282 1354 2318 etiam
1379 2281 1520 2319 satiri-

130 2365 202 2391 eus
229 2356 350 2404 poeta
385 2350 572 2404 respexit
601 2356 692 2388 tum
725 2349 891 2388 stultam
919 2350 1143 2402 ignaviam,
1192 2355 1280 2387 tum
1316 2348 1519 2387 innocen·-

176 2507 232 2539 50.
255 2518 287 2538 v.
315 2505 385 2537 Dio
418 2505 511 2539 Cass.
545 2504 672 2546 LVIII,
703 2517 735 2550 7.
760 2504 794 2538 8.
851 2505 974 2547 dium,
1017 2505 1052 2537 h.
1075 2515 1104 2535 e.
1131 2516 1188 2537 res
1214 2504 1362 2537 maximi
1393 2502 1522 2537 excidii

130 2573 166 2598 et
190 2564 284 2596 Suet.
308 2562 389 2596 Tib.
415 2574 442 2594 c.
465 2563 521 2595 (31.
853 2571 888 2595 et
914 2562 1043 2595 furoris
1061 2541 1266 2595 moventur?

177 2622 232 2655 51.
260 2619 332 2652 Alii
355 2628 552 2663 exponunt:
594 2620 644 2652 ira
672 2619 798 2663 Impe-

907 2655 963 2687 52.
989 2666 1022 2687 v.
1059 2654 1179 2689 Heius.
1214 2652 1258 2687 ad
1290 2650 1402 2687 Ovid.
1434 2650 1522 2686 Met·

858 2711 953 2755 vm,
976 2709 1033 2746 64.

133 2681 260 2714 ratoris
303 2679 444 2710 incensa
488 2685 537 2709 est
581 2685 615 2710 et
656 2684 800 2709 aestuat.

140 2736 376 2772 Britannicus:
410 2744 585 2780 magnum
609 2743 659 2770 est
677 2736 803 2777 ‘moen-3
