<?xml version="1.0" encoding="UTF-8"?>
<!DOCTYPE html PUBLIC "-//W3C//DTD XHTML 1.0 Transitional//EN"
    "http://www.w3.org/TR/xhtml1/DTD/xhtml1-transitional.dtd">
<html xmlns="http://www.w3.org/1999/xhtml" xml:lang="en" lang="en">
 <head>
  <title>
</title>
<meta http-equiv="Content-Type" content="text/html;charset=utf-8" />
  <meta name='ocr-system' content='tesseract 3.04.00' />
  <meta name='ocr-capabilities' content='ocr_page ocr_carea ocr_par ocr_line ocrx_word'/>
</head>
<body>
  <div class='ocr_page' id='page_1' title='image "./satirae16adoptim021juveuoft_0114.png"; bbox 0 0 1686 3089; ppageno 0'>
   <div class='ocr_carea' id='block_1_1' title="bbox 162 121 1162 169">
    <p class='ocr_par' dir='ltr' id='par_1_1' title="bbox 162 121 1162 169">
     <span class='ocr_line' id='line_1_1' title="bbox 162 121 1162 169; baseline 0.002 -5"><span class='ocrx_word' id='word_1_1' title='bbox 162 121 242 165; x_wconf 71' lang='lat'>104</span> <span class='ocrx_word' id='word_1_2' title='bbox 575 124 1162 169; x_wconf 84' lang='lat' dir='ltr'><strong>COMMENTARIVS</strong></span> 
     </span>
    </p>
   </div>
   <div class='ocr_carea' id='block_1_2' title="bbox 155 237 1555 2714">
    <p class='ocr_par' dir='ltr' id='par_1_2' title="bbox 155 237 1554 2045">
     <span class='ocr_line' id='line_1_2' title="bbox 160 237 1547 288; baseline 0.005 -14"><span class='ocrx_word' id='word_1_3' title='bbox 160 237 336 288; x_wconf 79' lang='lat' dir='ltr'>positam</span> <span class='ocrx_word' id='word_1_4' title='bbox 357 237 503 288; x_wconf 82' lang='lat' dir='ltr'>fuisse,</span> <span class='ocrx_word' id='word_1_5' title='bbox 545 253 653 279; x_wconf 86' lang='lat' dir='ltr'>nunc</span> <span class='ocrx_word' id='word_1_6' title='bbox 689 241 852 282; x_wconf 84' lang='lat' dir='ltr'>demum</span> <span class='ocrx_word' id='word_1_7' title='bbox 889 241 985 280; x_wconf 72' lang='lat' dir='ltr'>vidi.</span> <span class='ocrx_word' id='word_1_8' title='bbox 1043 241 1120 279; x_wconf 85' lang='lat' dir='ltr'>Ille</span> <span class='ocrx_word' id='word_1_9' title='bbox 1152 246 1286 280; x_wconf 83' lang='lat' dir='ltr'>tamen</span> <span class='ocrx_word' id='word_1_10' title='bbox 1309 239 1547 282; x_wconf 65' lang='lat' dir='ltr'>distinctio?-</span> 
     </span>
     <span class='ocr_line' id='line_1_3' title="bbox 159 305 1540 359; baseline 0.006 -19"><span class='ocrx_word' id='word_1_11' title='bbox 159 316 253 342; x_wconf 83' lang='lat' dir='ltr'>nem</span> <span class='ocrx_word' id='word_1_12' title='bbox 264 305 560 359; x_wconf 81' lang='lat' dir='ltr'>lectionemque</span> <span class='ocrx_word' id='word_1_13' title='bbox 582 309 793 347; x_wconf 84' lang='lat' dir='ltr'>mutandas</span> <span class='ocrx_word' id='word_1_14' title='bbox 808 315 957 347; x_wconf 80' lang='lat' dir='ltr'>censet.</span> <span class='ocrx_word' id='word_1_15' title='bbox 976 321 1014 345; x_wconf 84' lang='lat' dir='ltr'>v.</span> <span class='ocrx_word' id='word_1_16' title='bbox 1028 309 1126 346; x_wconf 89' lang='lat' dir='ltr'>Var.</span> <span class='ocrx_word' id='word_1_17' title='bbox 1139 307 1257 346; x_wconf 85' lang='lat' dir='ltr'>Lect.</span> <span class='ocrx_word' id='word_1_18' title='bbox 1339 311 1540 349; x_wconf 70' lang='lat' dir='ltr'>Iuvernae</span> 
     </span>
     <span class='ocr_line' id='line_1_4' title="bbox 161 372 1545 427; baseline 0.007 -21"><span class='ocrx_word' id='word_1_19' title='bbox 161 377 232 407; x_wconf 77' lang='lat' dir='ltr'>aut</span> <span class='ocrx_word' id='word_1_20' title='bbox 253 372 451 411; x_wconf 70' lang='lat' dir='ltr'>Iahernae</span> <span class='ocrx_word' id='word_1_21' title='bbox 465 402 477 419; x_wconf 85' lang='lat'><em>,</em></span> <span class='ocrx_word' id='word_1_22' title='bbox 515 375 762 419; x_wconf 82' lang='lat' dir='ltr'>Hiberniae,</span> <span class='ocrx_word' id='word_1_23' title='bbox 809 389 910 427; x_wconf 83' lang='lat' dir='ltr'>quae</span> <span class='ocrx_word' id='word_1_24' title='bbox 933 375 1128 412; x_wconf 87' lang='lat' dir='ltr'>Romanis</span> <span class='ocrx_word' id='word_1_25' title='bbox 1155 389 1299 426; x_wconf 75' lang='lat' dir='ltr'>parum</span> <span class='ocrx_word' id='word_1_26' title='bbox 1329 383 1426 415; x_wconf 84' lang='lat' dir='ltr'>nota</span> <span class='ocrx_word' id='word_1_27' title='bbox 1458 383 1545 416; x_wconf 82' lang='lat' dir='ltr'>erat</span> 
     </span>
     <span class='ocr_line' id='line_1_5' title="bbox 161 439 1545 494; baseline 0.006 -20"><span class='ocrx_word' id='word_1_28' title='bbox 161 443 257 474; x_wconf 80' lang='lat' dir='ltr'>ante</span> <span class='ocrx_word' id='word_1_29' title='bbox 281 445 323 475; x_wconf 85' lang='lat' dir='ltr'>et</span> <span class='ocrx_word' id='word_1_30' title='bbox 346 447 439 491; x_wconf 85' lang='lat' dir='ltr'>post</span> <span class='ocrx_word' id='word_1_31' title='bbox 460 442 673 492; x_wconf 73' lang='lat' dir='ltr'>Agricolae</span> <span class='ocrx_word' id='word_1_32' title='bbox 696 450 898 493; x_wconf 83' lang='lat' dir='ltr'>tempora,</span> <span class='ocrx_word' id='word_1_33' title='bbox 941 439 1010 493; x_wconf 85' lang='lat' dir='ltr'>qui</span> <span class='ocrx_word' id='word_1_34' title='bbox 1031 443 1116 479; x_wconf 86' lang='lat' dir='ltr'>eius</span> <span class='ocrx_word' id='word_1_35' title='bbox 1153 444 1408 494; x_wconf 82' lang='lat' dir='ltr'>occupandae</span> <span class='ocrx_word' id='word_1_36' title='bbox 1442 459 1545 482; x_wconf 88' lang='lat' dir='ltr'>con-</span> 
     </span>
     <span class='ocr_line' id='line_1_6' title="bbox 163 505 1546 562; baseline 0.006 -21"><span class='ocrx_word' id='word_1_37' title='bbox 163 505 302 543; x_wconf 84' lang='lat' dir='ltr'>silium</span> <span class='ocrx_word' id='word_1_38' title='bbox 330 515 500 559; x_wconf 85' lang='lat' dir='ltr'>propter</span> <span class='ocrx_word' id='word_1_39' title='bbox 538 510 708 547; x_wconf 80' lang='lat' dir='ltr'>aliarum</span> <span class='ocrx_word' id='word_1_40' title='bbox 743 510 925 559; x_wconf 85' lang='lat' dir='ltr'>gentium</span> <span class='ocrx_word' id='word_1_41' title='bbox 957 516 1090 547; x_wconf 78' lang='lat' dir='ltr'>motus</span> <span class='ocrx_word' id='word_1_42' title='bbox 1118 511 1287 562; x_wconf 75' lang='lat' dir='ltr'><strong>exsequi</strong></span> <span class='ocrx_word' id='word_1_43' title='bbox 1318 523 1400 549; x_wconf 88' lang='lat' dir='ltr'>non</span> <span class='ocrx_word' id='word_1_44' title='bbox 1423 517 1546 562; x_wconf 80' lang='lat' dir='ltr'>pote-</span> 
     </span>
     <span class='ocr_line' id='line_1_7' title="bbox 163 574 1547 629; baseline 0.006 -20"><span class='ocrx_word' id='word_1_45' title='bbox 163 578 240 610; x_wconf 73' lang='lat' dir='ltr'>rat.</span> <span class='ocrx_word' id='word_1_46' title='bbox 270 586 306 610; x_wconf 86' lang='lat' dir='ltr'>v.</span> <span class='ocrx_word' id='word_1_47' title='bbox 331 574 426 612; x_wconf 84' lang='lat' dir='ltr'>Tac.</span> <span class='ocrx_word' id='word_1_48' title='bbox 449 577 518 613; x_wconf 83' lang='lat' dir='ltr'>vit.</span> <span class='ocrx_word' id='word_1_49' title='bbox 545 578 678 627; x_wconf 81' lang='lat' dir='ltr'>Agric.</span> <span class='ocrx_word' id='word_1_50' title='bbox 703 591 735 614; x_wconf 84' lang='lat' dir='ltr'>e.</span> <span class='ocrx_word' id='word_1_51' title='bbox 760 578 824 615; x_wconf 77' lang='lat'>24.</span> <span class='ocrx_word' id='word_1_52' title='bbox 885 575 1103 625; x_wconf 83' lang='lat' dir='ltr'>Quomodo</span> <span class='ocrx_word' id='word_1_53' title='bbox 1121 576 1260 628; x_wconf 75' lang='lat' dir='ltr'>itaque</span> <span class='ocrx_word' id='word_1_54' title='bbox 1292 584 1410 629; x_wconf 77' lang='lat' dir='ltr'>poeta</span> <span class='ocrx_word' id='word_1_55' title='bbox 1431 578 1547 617; x_wconf 83' lang='lat' dir='ltr'>dice-</span> 
     </span>
     <span class='ocr_line' id='line_1_8' title="bbox 159 631 1546 690; baseline 0.005 -14"><span class='ocrx_word' id='word_1_56' title='bbox 159 631 209 677; x_wconf 25' lang='lat' dir='ltr'>&#39;re</span> <span class='ocrx_word' id='word_1_57' title='bbox 228 642 382 690; x_wconf 82' lang='lat' dir='ltr'>potuit,</span> <span class='ocrx_word' id='word_1_58' title='bbox 419 658 536 681; x_wconf 79' lang='lat' dir='ltr'>arma</span> <span class='ocrx_word' id='word_1_59' title='bbox 558 658 580 681; x_wconf 80' lang='lat' dir='ltr'>a</span> <span class='ocrx_word' id='word_1_60' title='bbox 615 643 806 681; x_wconf 84' lang='lat' dir='ltr'>Romanis</span> <span class='ocrx_word' id='word_1_61' title='bbox 841 643 908 681; x_wconf 78' lang='lat' dir='ltr'>vel</span> <span class='ocrx_word' id='word_1_62' title='bbox 936 644 1048 681; x_wconf 79' lang='lat' dir='ltr'>ultra</span> <span class='ocrx_word' id='word_1_63' title='bbox 1069 644 1304 683; x_wconf 63' lang='lat' dir='ltr'>Hiberniae</span> <span class='ocrx_word' id='word_1_64' title='bbox 1329 646 1455 684; x_wconf 68' lang='lat' dir='ltr'>litora</span> <span class='ocrx_word' id='word_1_65' title='bbox 1473 646 1546 684; x_wconf 84' lang='lat' dir='ltr'>su-</span> 
     </span>
     <span class='ocr_line' id='line_1_9' title="bbox 163 705 1548 763; baseline 0.006 -21"><span class='ocrx_word' id='word_1_66' title='bbox 163 705 242 744; x_wconf 83' lang='lat' dir='ltr'>isse</span> <span class='ocrx_word' id='word_1_67' title='bbox 274 712 499 758; x_wconf 71' lang='lat' dir='ltr'>promota?</span> <span class='ocrx_word' id='word_1_68' title='bbox 547 711 642 749; x_wconf 86' lang='lat' dir='ltr'>Non</span> <span class='ocrx_word' id='word_1_69' title='bbox 677 711 727 749; x_wconf 88' lang='lat' dir='ltr'>ob</span> <span class='ocrx_word' id='word_1_70' title='bbox 770 712 1059 761; x_wconf 75' lang='lat' dir='ltr'>ignorantiam,</span> <span class='ocrx_word' id='word_1_71' title='bbox 1118 711 1288 762; x_wconf 87' lang='lat' dir='ltr'>opinor,</span> <span class='ocrx_word' id='word_1_72' title='bbox 1350 714 1548 763; x_wconf 77' lang='lat' dir='ltr'>veritatis,</span> 
     </span>
     <span class='ocr_line' id='line_1_10' title="bbox 161 773 1546 830; baseline 0.006 -20"><span class='ocrx_word' id='word_1_73' title='bbox 161 773 232 811; x_wconf 79' lang='lat' dir='ltr'>sed</span> <span class='ocrx_word' id='word_1_74' title='bbox 253 780 300 811; x_wconf 76' lang='lat' dir='ltr'>ut</span> <span class='ocrx_word' id='word_1_75' title='bbox 322 778 708 830; x_wconf 73' lang='lat' dir='ltr'>magniloquentiam</span> <span class='ocrx_word' id='word_1_76' title='bbox 725 778 1028 826; x_wconf 82' lang='lat' dir='ltr'>Romanorum,</span> <span class='ocrx_word' id='word_1_77' title='bbox 1080 778 1152 815; x_wconf 88' lang='lat' dir='ltr'>illo</span> <span class='ocrx_word' id='word_1_78' title='bbox 1179 792 1279 817; x_wconf 83' lang='lat' dir='ltr'>aevo</span> <span class='ocrx_word' id='word_1_79' title='bbox 1303 780 1546 828; x_wconf 66' lang='lat' dir='ltr'>viventium,</span> 
     </span>
     <span class='ocr_line' id='line_1_11' title="bbox 159 841 1550 894; baseline 0.006 -15"><span class='ocrx_word' id='word_1_80' title='bbox 159 841 228 878; x_wconf 82' lang='lat' dir='ltr'>vel</span> <span class='ocrx_word' id='word_1_81' title='bbox 251 844 563 894; x_wconf 75' lang='lat' dir='ltr'>nonnullorum,</span> <span class='ocrx_word' id='word_1_82' title='bbox 599 846 696 883; x_wconf 84' lang='lat' dir='ltr'>talia</span> <span class='ocrx_word' id='word_1_83' title='bbox 718 845 994 893; x_wconf 81' lang='lat' dir='ltr'>credentium,</span> <span class='ocrx_word' id='word_1_84' title='bbox 1031 844 1260 894; x_wconf 77' lang='lat' dir='ltr'>derideret,</span> <span class='ocrx_word' id='word_1_85' title='bbox 1302 854 1342 884; x_wconf 90' lang='lat' dir='ltr'>et</span> <span class='ocrx_word' id='word_1_86' title='bbox 1368 849 1425 886; x_wconf 85' lang='lat' dir='ltr'>sic</span> <span class='ocrx_word' id='word_1_87' title='bbox 1449 861 1550 887; x_wconf 84' lang='lat' dir='ltr'>ver-</span> 
     </span>
     <span class='ocr_line' id='line_1_12' title="bbox 161 907 1550 966; baseline 0.008 -22"><span class='ocrx_word' id='word_1_88' title='bbox 161 907 224 945; x_wconf 82' lang='lat' dir='ltr'>bis</span> <span class='ocrx_word' id='word_1_89' title='bbox 251 910 336 946; x_wconf 87' lang='lat' dir='ltr'>suis</span> <span class='ocrx_word' id='word_1_90' title='bbox 358 912 485 950; x_wconf 84' lang='lat' dir='ltr'>maius</span> <span class='ocrx_word' id='word_1_91' title='bbox 508 913 622 950; x_wconf 76' lang='lat' dir='ltr'>daret</span> <span class='ocrx_word' id='word_1_92' title='bbox 643 912 814 964; x_wconf 83' lang='lat' dir='ltr'>pondus.</span> <span class='ocrx_word' id='word_1_93' title='bbox 897 913 1084 951; x_wconf 75' lang='lat' dir='ltr'><em>Orcadas</em></span> <span class='ocrx_word' id='word_1_94' title='bbox 1105 914 1270 962; x_wconf 70' lang='lat' dir='ltr'>insulas,</span> <span class='ocrx_word' id='word_1_95' title='bbox 1296 928 1417 966; x_wconf 81' lang='lat' dir='ltr'>supra</span> <span class='ocrx_word' id='word_1_96' title='bbox 1445 917 1550 955; x_wconf 90' lang='lat' dir='ltr'>Sco-</span> 
     </span>
     <span class='ocr_line' id='line_1_13' title="bbox 161 975 1549 1035; baseline 0.007 -23"><span class='ocrx_word' id='word_1_97' title='bbox 161 975 262 1014; x_wconf 79' lang='lat' dir='ltr'>tiam</span> <span class='ocrx_word' id='word_1_98' title='bbox 296 978 414 1026; x_wconf 76' lang='lat' dir='ltr'>sitas,</span> <span class='ocrx_word' id='word_1_99' title='bbox 461 994 562 1031; x_wconf 84' lang='lat' dir='ltr'>quae</span> <span class='ocrx_word' id='word_1_100' title='bbox 594 994 703 1018; x_wconf 85' lang='lat' dir='ltr'>nunc</span> <span class='ocrx_word' id='word_1_101' title='bbox 734 980 913 1031; x_wconf 76' lang='lat' dir='ltr'>Orkneys</span> <span class='ocrx_word' id='word_1_102' title='bbox 955 981 1168 1029; x_wconf 82' lang='lat' dir='ltr'>dicuntur,</span> <span class='ocrx_word' id='word_1_103' title='bbox 1220 987 1263 1018; x_wconf 86' lang='lat' dir='ltr'>et</span> <span class='ocrx_word' id='word_1_104' title='bbox 1293 982 1337 1019; x_wconf 89' lang='lat' dir='ltr'>in</span> <span class='ocrx_word' id='word_1_105' title='bbox 1376 997 1549 1035; x_wconf 83' lang='lat' dir='ltr'>quarum</span> 
     </span>
     <span class='ocr_line' id='line_1_14' title="bbox 161 1045 1550 1101; baseline 0.005 -20"><span class='ocrx_word' id='word_1_106' title='bbox 161 1055 334 1082; x_wconf 83' lang='lat' dir='ltr'>numero</span> <span class='ocrx_word' id='word_1_107' title='bbox 367 1045 597 1084; x_wconf 84' lang='lat' dir='ltr'>definiendo</span> <span class='ocrx_word' id='word_1_108' title='bbox 631 1061 714 1085; x_wconf 87' lang='lat' dir='ltr'>non</span> <span class='ocrx_word' id='word_1_109' title='bbox 757 1048 1017 1085; x_wconf 83' lang='lat' dir='ltr'>consentiunt</span> <span class='ocrx_word' id='word_1_110' title='bbox 1048 1054 1208 1086; x_wconf 79' lang='lat' dir='ltr'>veteres</span> <span class='ocrx_word' id='word_1_111' title='bbox 1249 1050 1478 1101; x_wconf 79' lang='lat' dir='ltr'>geographi.</span> <span class='ocrx_word' id='word_1_112' title='bbox 1510 1064 1550 1090; x_wconf 85' lang='lat' dir='ltr'>v.</span> 
     </span>
     <span class='ocr_line' id='line_1_15' title="bbox 162 1109 1552 1163; baseline 0.008 -17"><span class='ocrx_word' id='word_1_113' title='bbox 162 1109 308 1149; x_wconf 77' lang='lat' dir='ltr'>Cellar.</span> <span class='ocrx_word' id='word_1_114' title='bbox 338 1113 486 1163; x_wconf 77' lang='lat' dir='ltr'>Geogr.</span> <span class='ocrx_word' id='word_1_115' title='bbox 515 1120 556 1151; x_wconf 86' lang='lat' dir='ltr'>et</span> <span class='ocrx_word' id='word_1_116' title='bbox 590 1114 791 1152; x_wconf 84' lang='lat' dir='ltr'>Harduin.</span> <span class='ocrx_word' id='word_1_117' title='bbox 816 1115 867 1152; x_wconf 76' lang='lat' dir='ltr'>acl</span> <span class='ocrx_word' id='word_1_118' title='bbox 898 1116 1003 1153; x_wconf 76' lang='lat' dir='ltr'>Plin.</span> <span class='ocrx_word' id='word_1_119' title='bbox 1036 1116 1109 1163; x_wconf 87' lang='lat' dir='ltr'>IV,</span> <span class='ocrx_word' id='word_1_120' title='bbox 1138 1115 1198 1154; x_wconf 86' lang='lat'>16.</span> <span class='ocrx_word' id='word_1_121' title='bbox 1325 1117 1440 1158; x_wconf 80' lang='lat' dir='ltr'>modo</span> <span class='ocrx_word' id='word_1_122' title='bbox 1475 1133 1552 1156; x_wconf 81' lang='lat' dir='ltr'>ea-</span> 
     </span>
     <span class='ocr_line' id='line_1_16' title="bbox 155 1180 1552 1236; baseline 0.004 -20"><span class='ocrx_word' id='word_1_123' title='bbox 155 1186 260 1227; x_wconf 71' lang='lat' dir='ltr'>ptczs</span> <span class='ocrx_word' id='word_1_124' title='bbox 286 1180 472 1218; x_wconf 74' lang='lat' dir='ltr'>Orc-aclas</span> <span class='ocrx_word' id='word_1_125' title='bbox 485 1208 499 1225; x_wconf 56' lang='lat'>2</span> <span class='ocrx_word' id='word_1_126' title='bbox 536 1195 628 1218; x_wconf 83' lang='lat' dir='ltr'>nam</span> <span class='ocrx_word' id='word_1_127' title='bbox 659 1181 849 1232; x_wconf 79' lang='lat' dir='ltr'>Agricola</span> <span class='ocrx_word' id='word_1_128' title='bbox 874 1181 944 1219; x_wconf 76' lang='lat' dir='ltr'>lias</span> <span class='ocrx_word' id='word_1_129' title='bbox 972 1185 1210 1234; x_wconf 71' lang='lat' dir='ltr'>incognitas</span> <span class='ocrx_word' id='word_1_130' title='bbox 1233 1182 1292 1220; x_wconf 81' lang='lat' dir='ltr'>ad</span> <span class='ocrx_word' id='word_1_131' title='bbox 1313 1185 1360 1220; x_wconf 76' lang='lat' dir='ltr'>id</span> <span class='ocrx_word' id='word_1_132' title='bbox 1391 1194 1552 1236; x_wconf 74' lang='lat' dir='ltr'>tempus</span> 
     </span>
     <span class='ocr_line' id='line_1_17' title="bbox 163 1246 1552 1299; baseline 0.006 -18"><span class='ocrx_word' id='word_1_133' title='bbox 163 1246 326 1283; x_wconf 73' lang='lat' dir='ltr'>insulas</span> <span class='ocrx_word' id='word_1_134' title='bbox 350 1250 509 1285; x_wconf 65' lang='lat' dir='ltr'>invenit</span> <span class='ocrx_word' id='word_1_135' title='bbox 529 1248 788 1299; x_wconf 74' lang='lat' dir='ltr'>domuitque,</span> <span class='ocrx_word' id='word_1_136' title='bbox 840 1249 948 1299; x_wconf 83' lang='lat' dir='ltr'>quod</span> <span class='ocrx_word' id='word_1_137' title='bbox 978 1250 1111 1287; x_wconf 80' lang='lat' dir='ltr'>refert</span> <span class='ocrx_word' id='word_1_138' title='bbox 1145 1250 1241 1287; x_wconf 79' lang='lat' dir='ltr'>Tac.</span> <span class='ocrx_word' id='word_1_139' title='bbox 1271 1250 1315 1287; x_wconf 90' lang='lat' dir='ltr'>in</span> <span class='ocrx_word' id='word_1_140' title='bbox 1348 1252 1434 1288; x_wconf 88' lang='lat' dir='ltr'>eius</span> <span class='ocrx_word' id='word_1_141' title='bbox 1466 1254 1552 1293; x_wconf 67' lang='lat' dir='ltr'>vita</span> 
     </span>
     <span class='ocr_line' id='line_1_18' title="bbox 161 1313 1552 1373; baseline 0.008 -25"><span class='ocrx_word' id='word_1_142' title='bbox 161 1325 195 1348; x_wconf 90' lang='lat' dir='ltr'>c.</span> <span class='ocrx_word' id='word_1_143' title='bbox 222 1326 282 1353; x_wconf 90' lang='grc' dir='ltr'>1ο.</span> <span class='ocrx_word' id='word_1_144' title='bbox 340 1313 541 1353; x_wconf 83' lang='lat' dir='ltr'>Eusebius</span> <span class='ocrx_word' id='word_1_145' title='bbox 566 1316 764 1353; x_wconf 76' lang='lat' dir='ltr'>tamenin</span> <span class='ocrx_word' id='word_1_146' title='bbox 793 1313 999 1353; x_wconf 81' lang='lat' dir='ltr'>Chronico</span> <span class='ocrx_word' id='word_1_147' title='bbox 1022 1317 1169 1365; x_wconf 82' lang='lat' dir='ltr'>tradit,</span> <span class='ocrx_word' id='word_1_148' title='bbox 1209 1317 1423 1357; x_wconf 81' lang='lat' dir='ltr'>Claudium</span> <span class='ocrx_word' id='word_1_149' title='bbox 1448 1319 1552 1373; x_wconf 86' lang='lat' dir='ltr'>Imp.</span> 
     </span>
     <span class='ocr_line' id='line_1_19' title="bbox 158 1378 1554 1433; baseline 0.007 -17"><span class='ocrx_word' id='word_1_150' title='bbox 158 1378 239 1417; x_wconf 85' lang='lat' dir='ltr'>iam</span> <span class='ocrx_word' id='word_1_151' title='bbox 264 1380 314 1417; x_wconf 83' lang='lat' dir='ltr'>de</span> <span class='ocrx_word' id='word_1_152' title='bbox 336 1381 544 1419; x_wconf 83' lang='lat' dir='ltr'>Britannis</span> <span class='ocrx_word' id='word_1_153' title='bbox 568 1381 839 1433; x_wconf 77' lang='lat' dir='ltr'>triumphasse</span> <span class='ocrx_word' id='word_1_154' title='bbox 861 1390 902 1421; x_wconf 83' lang='lat' dir='ltr'>et</span> <span class='ocrx_word' id='word_1_155' title='bbox 918 1381 1096 1422; x_wconf 77' lang='lat' dir='ltr'>Orcadas</span> <span class='ocrx_word' id='word_1_156' title='bbox 1120 1385 1271 1422; x_wconf 71' lang='lat' dir='ltr'>insulas</span> <span class='ocrx_word' id='word_1_157' title='bbox 1293 1385 1413 1424; x_wconf 83' lang='lat' dir='ltr'>Rom.</span> <span class='ocrx_word' id='word_1_158' title='bbox 1438 1388 1554 1425; x_wconf 82' lang='lat' dir='ltr'>adie-</span> 
     </span>
     <span class='ocr_line' id='line_1_20' title="bbox 161 1448 1553 1503; baseline 0.007 -20"><span class='ocrx_word' id='word_1_159' title='bbox 161 1448 262 1484; x_wconf 84' lang='lat' dir='ltr'>cisse</span> <span class='ocrx_word' id='word_1_160' title='bbox 293 1449 477 1500; x_wconf 86' lang='lat' dir='ltr'>imperio.</span> <span class='ocrx_word' id='word_1_161' title='bbox 534 1450 641 1487; x_wconf 89' lang='lat' dir='ltr'>Tum</span> <span class='ocrx_word' id='word_1_162' title='bbox 660 1463 749 1487; x_wconf 83' lang='lat' dir='ltr'>voc.</span> <span class='ocrx_word' id='word_1_163' title='bbox 787 1450 903 1487; x_wconf 77' lang='lat' dir='ltr'>modo</span> <span class='ocrx_word' id='word_1_164' title='bbox 930 1450 979 1487; x_wconf 83' lang='lat' dir='ltr'>de</span> <span class='ocrx_word' id='word_1_165' title='bbox 1015 1452 1194 1501; x_wconf 76' lang='lat' dir='ltr'>longiori</span> <span class='ocrx_word' id='word_1_166' title='bbox 1224 1459 1408 1503; x_wconf 84' lang='lat' dir='ltr'>tempore</span> <span class='ocrx_word' id='word_1_167' title='bbox 1442 1457 1553 1493; x_wconf 79' lang='lat' dir='ltr'>aeci-</span> 
     </span>
     <span class='ocr_line' id='line_1_21' title="bbox 159 1514 1552 1568; baseline 0.006 -16"><span class='ocrx_word' id='word_1_168' title='bbox 159 1514 380 1565; x_wconf 84' lang='lat' dir='ltr'>piendum,</span> <span class='ocrx_word' id='word_1_169' title='bbox 420 1522 466 1553; x_wconf 86' lang='lat' dir='ltr'>ut</span> <span class='ocrx_word' id='word_1_170' title='bbox 493 1518 642 1568; x_wconf 82' lang='lat' dir='ltr'>passim</span> <span class='ocrx_word' id='word_1_171' title='bbox 664 1516 780 1553; x_wconf 80' lang='lat' dir='ltr'>modo</span> <span class='ocrx_word' id='word_1_172' title='bbox 819 1522 859 1554; x_wconf 84' lang='lat' dir='ltr'>ct</span> <span class='ocrx_word' id='word_1_173' title='bbox 893 1532 1035 1568; x_wconf 77' lang='lat' dir='ltr'>nuper.</span> <span class='ocrx_word' id='word_1_174' title='bbox 1072 1517 1135 1555; x_wconf 85' lang='lat' dir='ltr'>Cf.</span> <span class='ocrx_word' id='word_1_175' title='bbox 1157 1518 1233 1564; x_wconf 79' lang='lat' dir='ltr'>IV,</span> <span class='ocrx_word' id='word_1_176' title='bbox 1268 1531 1330 1567; x_wconf 91' lang='lat'>77.</span> <span class='ocrx_word' id='word_1_177' title='bbox 1359 1520 1467 1559; x_wconf 81' lang='lat' dir='ltr'>Duk.</span> <span class='ocrx_word' id='word_1_178' title='bbox 1500 1522 1552 1561; x_wconf 73' lang='lat' dir='ltr'>ad</span> 
     </span>
     <span class='ocr_line' id='line_1_22' title="bbox 159 1580 1551 1632; baseline 0.006 -13"><span class='ocrx_word' id='word_1_179' title='bbox 159 1580 270 1618; x_wconf 83' lang='lat' dir='ltr'>Flor.</span> <span class='ocrx_word' id='word_1_180' title='bbox 292 1582 324 1630; x_wconf 86' lang='lat' dir='ltr'>I,</span> <span class='ocrx_word' id='word_1_181' title='bbox 360 1597 419 1621; x_wconf 88' lang='lat'>11.</span> <span class='ocrx_word' id='word_1_182' title='bbox 448 1584 575 1621; x_wconf 84' lang='lat' dir='ltr'>Gron.</span> <span class='ocrx_word' id='word_1_183' title='bbox 620 1584 738 1621; x_wconf 85' lang='lat' dir='ltr'>Obss.</span> <span class='ocrx_word' id='word_1_184' title='bbox 766 1584 840 1632; x_wconf 73' lang='lat' dir='ltr'>IV,</span> <span class='ocrx_word' id='word_1_185' title='bbox 873 1586 933 1621; x_wconf 86' lang='grc'>18.</span> <span class='ocrx_word' id='word_1_186' title='bbox 962 1591 1000 1622; x_wconf 82' lang='lat' dir='ltr'>et</span> <span class='ocrx_word' id='word_1_187' title='bbox 1032 1584 1201 1622; x_wconf 81' lang='lat' dir='ltr'>Ernesti</span> <span class='ocrx_word' id='word_1_188' title='bbox 1229 1585 1329 1623; x_wconf 82' lang='lat' dir='ltr'>clav.</span> <span class='ocrx_word' id='word_1_189' title='bbox 1365 1587 1448 1626; x_wconf 87' lang='lat' dir='ltr'>Cic.</span> <span class='ocrx_word' id='word_1_190' title='bbox 1479 1589 1551 1628; x_wconf 81' lang='lat' dir='ltr'>hh.</span> 
     </span>
     <span class='ocr_line' id='line_1_23' title="bbox 158 1651 1554 1708; baseline 0.006 -22"><span class='ocrx_word' id='word_1_191' title='bbox 158 1660 227 1686; x_wconf 74' lang='lat' dir='ltr'>vv.</span> <span class='ocrx_word' id='word_1_192' title='bbox 248 1651 478 1688; x_wconf 75' lang='lat' dir='ltr'>Britannia</span> <span class='ocrx_word' id='word_1_193' title='bbox 510 1651 694 1689; x_wconf 83' lang='lat' dir='ltr'>Romana</span> <span class='ocrx_word' id='word_1_194' title='bbox 728 1651 911 1689; x_wconf 81' lang='lat' dir='ltr'>Caesaris</span> <span class='ocrx_word' id='word_1_195' title='bbox 937 1658 976 1689; x_wconf 78' lang='lat' dir='ltr'>et</span> <span class='ocrx_word' id='word_1_196' title='bbox 1000 1651 1161 1689; x_wconf 84' lang='lat' dir='ltr'>Claudii</span> <span class='ocrx_word' id='word_1_197' title='bbox 1182 1651 1313 1691; x_wconf 81' lang='lat' dir='ltr'>adhuc</span> <span class='ocrx_word' id='word_1_198' title='bbox 1350 1659 1554 1708; x_wconf 82' lang='lat' dir='ltr'>tempori-</span> 
     </span>
     <span class='ocr_line' id='line_1_24' title="bbox 159 1715 1554 1770; baseline 0.006 -16"><span class='ocrx_word' id='word_1_199' title='bbox 159 1715 236 1754; x_wconf 89' lang='lat' dir='ltr'>bus</span> <span class='ocrx_word' id='word_1_200' title='bbox 256 1718 412 1768; x_wconf 75' lang='lat' dir='ltr'>exiguis</span> <span class='ocrx_word' id='word_1_201' title='bbox 444 1718 592 1755; x_wconf 85' lang='lat' dir='ltr'>finibus</span> <span class='ocrx_word' id='word_1_202' title='bbox 617 1718 924 1765; x_wconf 76' lang='lat' dir='ltr'>continebatur,</span> <span class='ocrx_word' id='word_1_203' title='bbox 966 1719 1035 1769; x_wconf 84' lang='lat' dir='ltr'>qui</span> <span class='ocrx_word' id='word_1_204' title='bbox 1066 1720 1218 1770; x_wconf 84' lang='lat' dir='ltr'>prolati</span> <span class='ocrx_word' id='word_1_205' title='bbox 1251 1729 1344 1759; x_wconf 78' lang='lat' dir='ltr'>sunt</span> <span class='ocrx_word' id='word_1_206' title='bbox 1367 1725 1440 1761; x_wconf 86' lang='lat' dir='ltr'>sub</span> <span class='ocrx_word' id='word_1_207' title='bbox 1462 1724 1554 1762; x_wconf 89' lang='lat' dir='ltr'>Ne-</span> 
     </span>
     <span class='ocr_line' id='line_1_25' title="bbox 158 1785 1552 1840; baseline 0.006 -19"><span class='ocrx_word' id='word_1_208' title='bbox 158 1796 263 1822; x_wconf 71' lang='lat' dir='ltr'>rone</span> <span class='ocrx_word' id='word_1_209' title='bbox 284 1799 329 1822; x_wconf 88' lang='lat' dir='ltr'>ac</span> <span class='ocrx_word' id='word_1_210' title='bbox 355 1785 526 1833; x_wconf 59' lang='lat' dir='ltr'>Flavus,</span> <span class='ocrx_word' id='word_1_211' title='bbox 560 1786 716 1822; x_wconf 74' lang='lat' dir='ltr'>virtute</span> <span class='ocrx_word' id='word_1_212' title='bbox 736 1786 921 1823; x_wconf 80' lang='lat' dir='ltr'>Suetonii</span> <span class='ocrx_word' id='word_1_213' title='bbox 953 1786 1131 1831; x_wconf 80' lang='lat' dir='ltr'>Paullini</span> <span class='ocrx_word' id='word_1_214' title='bbox 1167 1792 1207 1824; x_wconf 83' lang='lat' dir='ltr'>et</span> <span class='ocrx_word' id='word_1_215' title='bbox 1231 1786 1466 1840; x_wconf 78' lang='lat' dir='ltr'>Agricolae,</span> <span class='ocrx_word' id='word_1_216' title='bbox 1505 1806 1552 1830; x_wconf 85' lang='lat' dir='ltr'>ac</span> 
     </span>
     <span class='ocr_line' id='line_1_26' title="bbox 161 1848 1554 1896; baseline 0.006 -8"><span class='ocrx_word' id='word_1_217' title='bbox 161 1848 311 1889; x_wconf 78' lang='lat' dir='ltr'>deinde</span> <span class='ocrx_word' id='word_1_218' title='bbox 347 1854 421 1891; x_wconf 86' lang='lat' dir='ltr'>sub</span> <span class='ocrx_word' id='word_1_219' title='bbox 453 1852 664 1889; x_wconf 80' lang='lat' dir='ltr'>Hadriano</span> <span class='ocrx_word' id='word_1_220' title='bbox 702 1859 742 1890; x_wconf 89' lang='lat' dir='ltr'>et</span> <span class='ocrx_word' id='word_1_221' title='bbox 771 1852 1004 1891; x_wconf 74' lang='lat' dir='ltr'>Antoninis,</span> <span class='ocrx_word' id='word_1_222' title='bbox 1131 1856 1308 1892; x_wconf 79' lang='lat' dir='ltr'>minima</span> <span class='ocrx_word' id='word_1_223' title='bbox 1342 1867 1554 1896; x_wconf 72' lang='lat' dir='ltr'>contentos-</span> 
     </span>
     <span class='ocr_line' id='line_1_27' title="bbox 160 1918 1553 1975; baseline 0.004 -18"><span class='ocrx_word' id='word_1_224' title='bbox 160 1927 276 1957; x_wconf 78' lang='lat' dir='ltr'>nocte</span> <span class='ocrx_word' id='word_1_225' title='bbox 319 1920 572 1968; x_wconf 35' lang='lat' dir='ltr'>Britanno&amp;</span> <span class='ocrx_word' id='word_1_226' title='bbox 632 1919 740 1957; x_wconf 81' lang='lat' dir='ltr'>conf.</span> <span class='ocrx_word' id='word_1_227' title='bbox 783 1921 888 1958; x_wconf 82' lang='lat' dir='ltr'>PJin.</span> <span class='ocrx_word' id='word_1_228' title='bbox 929 1921 983 1969; x_wconf 90' lang='grc' dir='ltr'>ΙΙ,</span> <span class='ocrx_word' id='word_1_229' title='bbox 1020 1922 1083 1969; x_wconf 89' lang='lat'>75.</span> <span class='ocrx_word' id='word_1_230' title='bbox 1130 1918 1220 1974; x_wconf 89' lang='lat' dir='ltr'>(ubi</span> <span class='ocrx_word' id='word_1_231' title='bbox 1254 1936 1294 1960; x_wconf 81' lang='lat' dir='ltr'>v.</span> <span class='ocrx_word' id='word_1_232' title='bbox 1326 1924 1553 1975; x_wconf 83' lang='lat' dir='ltr'>Harduin.)</span> 
     </span>
     <span class='ocr_line' id='line_1_28' title="bbox 161 1982 1554 2045; baseline 0.006 -22"><span class='ocrx_word' id='word_1_233' title='bbox 161 1985 276 2025; x_wconf 89' lang='lat' dir='ltr'>Caes.</span> <span class='ocrx_word' id='word_1_234' title='bbox 308 1987 353 2024; x_wconf 86' lang='grc' dir='ltr'>Β.</span> <span class='ocrx_word' id='word_1_235' title='bbox 379 1982 483 2024; x_wconf 84' lang='lat' dir='ltr'>Gall.</span> <span class='ocrx_word' id='word_1_236' title='bbox 505 1988 557 2035; x_wconf 88' lang='lat' dir='ltr'>V,</span> <span class='ocrx_word' id='word_1_237' title='bbox 586 2001 644 2025; x_wconf 84' lang='lat'>10.</span> <span class='ocrx_word' id='word_1_238' title='bbox 666 1993 708 2024; x_wconf 85' lang='lat' dir='ltr'>et</span> <span class='ocrx_word' id='word_1_239' title='bbox 751 1988 845 2025; x_wconf 79' lang='lat' dir='ltr'>Tac.</span> <span class='ocrx_word' id='word_1_240' title='bbox 870 1988 943 2025; x_wconf 71' lang='lat' dir='ltr'>vit.</span> <span class='ocrx_word' id='word_1_241' title='bbox 966 1989 1101 2039; x_wconf 83' lang='lat' dir='ltr'>Agric.</span> <span class='ocrx_word' id='word_1_242' title='bbox 1126 2002 1160 2026; x_wconf 84' lang='lat' dir='ltr'>c.</span> <span class='ocrx_word' id='word_1_243' title='bbox 1201 2001 1261 2028; x_wconf 85' lang='lat'>12.</span> <span class='ocrx_word' id='word_1_244' title='bbox 1291 1991 1362 2028; x_wconf 83' lang='lat' dir='ltr'>ubi</span> <span class='ocrx_word' id='word_1_245' title='bbox 1383 2005 1419 2029; x_wconf 88' lang='lat' dir='ltr'>v.</span> <span class='ocrx_word' id='word_1_246' title='bbox 1439 1993 1554 2045; x_wconf 89' lang='lat' dir='ltr'>Lips.</span> 
     </span>
    </p>

    <p class='ocr_par' dir='ltr' id='par_1_3' title="bbox 156 2054 1555 2714">
     <span class='ocr_line' id='line_1_29' title="bbox 277 2054 1554 2106; baseline 0.005 -14"><span class='ocrx_word' id='word_1_247' title='bbox 277 2054 524 2093; x_wconf 85' lang='grc'>165-166,</span> <span class='ocrx_word' id='word_1_248' title='bbox 555 2054 639 2103; x_wconf 79' lang='lat' dir='ltr'>Qui</span> <span class='ocrx_word' id='word_1_249' title='bbox 665 2061 799 2092; x_wconf 77' lang='lat' dir='ltr'>tamen</span> <span class='ocrx_word' id='word_1_250' title='bbox 832 2054 1006 2093; x_wconf 82' lang='lat' dir='ltr'>Romam</span> <span class='ocrx_word' id='word_1_251' title='bbox 1039 2057 1230 2106; x_wconf 77' lang='lat' dir='ltr'>veniunt,</span> <span class='ocrx_word' id='word_1_252' title='bbox 1272 2072 1372 2097; x_wconf 80' lang='lat' dir='ltr'>mox</span> <span class='ocrx_word' id='word_1_253' title='bbox 1389 2066 1554 2099; x_wconf 82' lang='lat' dir='ltr'>nostros</span> 
     </span>
     <span class='ocr_line' id='line_1_30' title="bbox 158 2121 1555 2171; baseline 0.004 -11"><span class='ocrx_word' id='word_1_254' title='bbox 158 2121 339 2160; x_wconf 81' lang='lat' dir='ltr'>iuduunt</span> <span class='ocrx_word' id='word_1_255' title='bbox 380 2135 515 2160; x_wconf 87' lang='lat' dir='ltr'>mores</span> <span class='ocrx_word' id='word_1_256' title='bbox 544 2127 584 2158; x_wconf 89' lang='lat' dir='ltr'>ct</span> <span class='ocrx_word' id='word_1_257' title='bbox 614 2121 659 2158; x_wconf 88' lang='lat' dir='ltr'>iu</span> <span class='ocrx_word' id='word_1_258' title='bbox 695 2122 869 2171; x_wconf 83' lang='lat' dir='ltr'>patriam</span> <span class='ocrx_word' id='word_1_259' title='bbox 898 2136 1012 2160; x_wconf 85' lang='lat' dir='ltr'>suam</span> <span class='ocrx_word' id='word_1_260' title='bbox 1040 2124 1241 2162; x_wconf 69' lang='lat' dir='ltr'>referunt.</span> <span class='ocrx_word' id='word_1_261' title='bbox 1309 2126 1390 2163; x_wconf 82' lang='lat' dir='ltr'>Sed</span> <span class='ocrx_word' id='word_1_262' title='bbox 1414 2128 1555 2167; x_wconf 85' lang='lat' dir='ltr'>malim</span> 
     </span>
     <span class='ocr_line' id='line_1_31' title="bbox 158 2185 1554 2240; baseline 0.005 -14"><span class='ocrx_word' id='word_1_263' title='bbox 158 2186 269 2227; x_wconf 84' lang='lat' dir='ltr'>hunc</span> <span class='ocrx_word' id='word_1_264' title='bbox 297 2189 436 2227; x_wconf 89' lang='lat' dir='ltr'>locum</span> <span class='ocrx_word' id='word_1_265' title='bbox 475 2185 714 2240; x_wconf 79' lang='grc' dir='ltr'><em>διαλογικῶς</em></span> <span class='ocrx_word' id='word_1_266' title='bbox 744 2189 970 2239; x_wconf 80' lang='lat' dir='ltr'>explicare,</span> <span class='ocrx_word' id='word_1_267' title='bbox 1021 2190 1078 2227; x_wconf 83' lang='lat' dir='ltr'>ita</span> <span class='ocrx_word' id='word_1_268' title='bbox 1114 2198 1162 2228; x_wconf 84' lang='lat' dir='ltr'>ut</span> <span class='ocrx_word' id='word_1_269' title='bbox 1182 2192 1307 2229; x_wconf 83' lang='lat' dir='ltr'>verba</span> <span class='ocrx_word' id='word_1_270' title='bbox 1329 2192 1554 2233; x_wconf 82' lang='lat' dir='ltr'>adversarii</span> 
     </span>
     <span class='ocr_line' id='line_1_32' title="bbox 161 2255 1554 2311; baseline 0.002 -17"><span class='ocrx_word' id='word_1_271' title='bbox 161 2256 246 2294; x_wconf 82' lang='lat' dir='ltr'>sint</span> <span class='ocrx_word' id='word_1_272' title='bbox 276 2263 315 2294; x_wconf 78' lang='lat' dir='ltr'>et</span> <span class='ocrx_word' id='word_1_273' title='bbox 346 2265 484 2294; x_wconf 81' lang='lat' dir='ltr'>tamen</span> <span class='ocrx_word' id='word_1_274' title='bbox 506 2277 563 2286; x_wconf 87' lang='lat'>--</span> <span class='ocrx_word' id='word_1_275' title='bbox 588 2255 795 2299; x_wconf 74' lang='lat' dir='ltr'>sl&#39;ribuno,</span> <span class='ocrx_word' id='word_1_276' title='bbox 839 2255 890 2292; x_wconf 85' lang='lat' dir='ltr'>ad</span> <span class='ocrx_word' id='word_1_277' title='bbox 921 2269 1022 2307; x_wconf 84' lang='lat' dir='ltr'>quae</span> <span class='ocrx_word' id='word_1_278' title='bbox 1044 2263 1165 2308; x_wconf 82' lang='lat' dir='ltr'>poeta</span> <span class='ocrx_word' id='word_1_279' title='bbox 1191 2271 1226 2295; x_wconf 88' lang='lat' dir='ltr'>v.</span> <span class='ocrx_word' id='word_1_280' title='bbox 1257 2257 1344 2295; x_wconf 88' lang='grc'>166.</span> <span class='ocrx_word' id='word_1_281' title='bbox 1378 2272 1554 2311; x_wconf 87' lang='lat' dir='ltr'>respon-</span> 
     </span>
     <span class='ocr_line' id='line_1_33' title="bbox 160 2321 1553 2375; baseline 0.002 -12"><span class='ocrx_word' id='word_1_282' title='bbox 160 2324 263 2363; x_wconf 83' lang='lat' dir='ltr'>deat.</span> <span class='ocrx_word' id='word_1_283' title='bbox 323 2324 390 2361; x_wconf 87' lang='lat' dir='ltr'>Sic</span> <span class='ocrx_word' id='word_1_284' title='bbox 421 2324 584 2375; x_wconf 78' lang='lat' dir='ltr'>pictura</span> <span class='ocrx_word' id='word_1_285' title='bbox 613 2321 797 2374; x_wconf 85' lang='lat' dir='ltr'>personis</span> <span class='ocrx_word' id='word_1_286' title='bbox 827 2322 1050 2372; x_wconf 83' lang='lat' dir='ltr'>animatur,</span> <span class='ocrx_word' id='word_1_287' title='bbox 1090 2331 1130 2363; x_wconf 84' lang='lat' dir='ltr'>et</span> <span class='ocrx_word' id='word_1_288' title='bbox 1162 2325 1207 2363; x_wconf 88' lang='lat' dir='ltr'>in</span> <span class='ocrx_word' id='word_1_289' title='bbox 1231 2338 1269 2363; x_wconf 85' lang='lat' dir='ltr'>v.</span> <span class='ocrx_word' id='word_1_290' title='bbox 1301 2325 1386 2363; x_wconf 89' lang='grc'>166.</span> <span class='ocrx_word' id='word_1_291' title='bbox 1421 2329 1553 2367; x_wconf 80' lang='lat' dir='ltr'>maior</span> 
     </span>
     <span class='ocr_line' id='line_1_34' title="bbox 160 2389 1553 2443; baseline 0.002 -13"><span class='ocrx_word' id='word_1_292' title='bbox 160 2398 222 2431; x_wconf 76' lang='lat' dir='ltr'>est</span> <span class='ocrx_word' id='word_1_293' title='bbox 253 2391 442 2429; x_wconf 77' lang='lat' dir='ltr'>sarcasmi</span> <span class='ocrx_word' id='word_1_294' title='bbox 476 2390 549 2428; x_wconf 87' lang='lat' dir='ltr'>vis.</span> <span class='ocrx_word' id='word_1_295' title='bbox 675 2389 767 2427; x_wconf 75' lang='lat'>164.</span> <span class='ocrx_word' id='word_1_296' title='bbox 810 2389 897 2427; x_wconf 88' lang='lat'>165.</span> <span class='ocrx_word' id='word_1_297' title='bbox 940 2389 1121 2440; x_wconf 85' lang='lat' dir='ltr'>Caligula</span> <span class='ocrx_word' id='word_1_298' title='bbox 1156 2391 1351 2443; x_wconf 85' lang='lat' dir='ltr'>quosdam</span> <span class='ocrx_word' id='word_1_299' title='bbox 1393 2394 1553 2434; x_wconf 78' lang='lat' dir='ltr'>obsides</span> 
     </span>
     <span class='ocr_line' id='line_1_35' title="bbox 160 2457 1550 2510; baseline 0.003 -14"><span class='ocrx_word' id='word_1_300' title='bbox 160 2458 353 2497; x_wconf 80' lang='lat' dir='ltr'>dilexisse</span> <span class='ocrx_word' id='word_1_301' title='bbox 375 2458 582 2496; x_wconf 80' lang='lat' dir='ltr'>serebatur</span> <span class='ocrx_word' id='word_1_302' title='bbox 606 2457 852 2494; x_wconf 80' lang='lat' dir='ltr'>commercio</span> <span class='ocrx_word' id='word_1_303' title='bbox 877 2459 1011 2494; x_wconf 87' lang='lat' dir='ltr'>mutui</span> <span class='ocrx_word' id='word_1_304' title='bbox 1041 2459 1198 2510; x_wconf 85' lang='lat' dir='ltr'>stupri,</span> <span class='ocrx_word' id='word_1_305' title='bbox 1237 2465 1343 2498; x_wconf 79' lang='lat' dir='ltr'>teste</span> <span class='ocrx_word' id='word_1_306' title='bbox 1379 2461 1493 2500; x_wconf 86' lang='lat' dir='ltr'>Suet.</span> <span class='ocrx_word' id='word_1_307' title='bbox 1515 2476 1550 2500; x_wconf 88' lang='lat' dir='ltr'>c.</span> 
     </span>
     <span class='ocr_line' id='line_1_36' title="bbox 160 2508 1553 2577; baseline 0.001 -13"><span class='ocrx_word' id='word_1_308' title='bbox 160 2526 226 2564; x_wconf 84' lang='lat'>36.</span> <span class='ocrx_word' id='word_1_309' title='bbox 283 2525 347 2562; x_wconf 87' lang='lat' dir='ltr'>Eo</span> <span class='ocrx_word' id='word_1_310' title='bbox 368 2508 596 2575; x_wconf 70' lang='lat' dir='ltr'>respexisse</span> <span class='ocrx_word' id='word_1_311' title='bbox 619 2522 660 2560; x_wconf 83' lang='lat' dir='ltr'>h.</span> <span class='ocrx_word' id='word_1_312' title='bbox 681 2523 708 2561; x_wconf 87' lang='grc'>1.</span> <span class='ocrx_word' id='word_1_313' title='bbox 731 2529 893 2574; x_wconf 80' lang='lat' dir='ltr'>poetam</span> <span class='ocrx_word' id='word_1_314' title='bbox 914 2530 956 2561; x_wconf 83' lang='lat' dir='ltr'>et</span> <span class='ocrx_word' id='word_1_315' title='bbox 980 2524 1274 2577; x_wconf 84' lang='lat' dir='ltr'>Imperatorem</span> <span class='ocrx_word' id='word_1_316' title='bbox 1303 2528 1351 2565; x_wconf 89' lang='lat' dir='ltr'>ab</span> <span class='ocrx_word' id='word_1_317' title='bbox 1379 2541 1425 2566; x_wconf 89' lang='lat' dir='ltr'>eo</span> <span class='ocrx_word' id='word_1_318' title='bbox 1455 2531 1553 2566; x_wconf 83' lang='lat' dir='ltr'>Tri-</span> 
     </span>
     <span class='ocr_line' id='line_1_37' title="bbox 161 2589 1554 2646; baseline 0.003 -16"><span class='ocrx_word' id='word_1_319' title='bbox 161 2594 315 2631; x_wconf 60' lang='lat' dir='ltr'>bimum</span> <span class='ocrx_word' id='word_1_320' title='bbox 337 2605 423 2630; x_wconf 84' lang='lat' dir='ltr'>esse</span> <span class='ocrx_word' id='word_1_321' title='bbox 449 2591 603 2628; x_wconf 80' lang='lat' dir='ltr'>dictum</span> <span class='ocrx_word' id='word_1_322' title='bbox 616 2619 628 2640; x_wconf 87' lang='lat'>‚</span> <span class='ocrx_word' id='word_1_323' title='bbox 668 2589 730 2640; x_wconf 86' lang='lat' dir='ltr'>(v.</span> <span class='ocrx_word' id='word_1_324' title='bbox 755 2590 806 2627; x_wconf 82' lang='lat' dir='ltr'>ad</span> <span class='ocrx_word' id='word_1_325' title='bbox 827 2590 904 2639; x_wconf 87' lang='lat' dir='ltr'>XI,</span> <span class='ocrx_word' id='word_1_326' title='bbox 926 2604 961 2638; x_wconf 89' lang='lat'>7.</span> <span class='ocrx_word' id='word_1_327' title='bbox 985 2591 1029 2630; x_wconf 83' lang='lat' dir='ltr'>in</span> <span class='ocrx_word' id='word_1_328' title='bbox 1064 2593 1161 2632; x_wconf 86' lang='lat' dir='ltr'>Var.</span> <span class='ocrx_word' id='word_1_329' title='bbox 1182 2593 1324 2644; x_wconf 89' lang='lat' dir='ltr'>Lect.)</span> <span class='ocrx_word' id='word_1_330' title='bbox 1353 2596 1554 2646; x_wconf 85' lang='lat' dir='ltr'>suspicari</span> 
     </span>
     <span class='ocr_line' id='line_1_38' title="bbox 156 2657 1555 2714; baseline 0.002 -16"><span class='ocrx_word' id='word_1_331' title='bbox 156 2660 259 2702; x_wconf 85' lang='lat' dir='ltr'>licet</span> <span class='ocrx_word' id='word_1_332' title='bbox 284 2674 378 2698; x_wconf 84' lang='lat' dir='ltr'>cum</span> <span class='ocrx_word' id='word_1_333' title='bbox 402 2657 504 2698; x_wconf 82' lang='lat' dir='ltr'>Ach‚</span> <span class='ocrx_word' id='word_1_334' title='bbox 562 2659 731 2697; x_wconf 73' lang='lat' dir='ltr'>Zalaces</span> <span class='ocrx_word' id='word_1_335' title='bbox 754 2670 904 2698; x_wconf 82' lang='lat' dir='ltr'>nomen</span> <span class='ocrx_word' id='word_1_336' title='bbox 931 2661 1147 2714; x_wconf 85' lang='lat' dir='ltr'>proprium</span> <span class='ocrx_word' id='word_1_337' title='bbox 1180 2661 1369 2701; x_wconf 64' lang='lat' dir='ltr'>obsidis.&gt;</span> <span class='ocrx_word' id='word_1_338' title='bbox 1403 2662 1555 2701; x_wconf 81' lang='lat' dir='ltr'>Arme·</span> 
     </span>
    </p>
   </div>
  </div>
 </body>
</html>
