1686 3089
455 184 535 224 IN
581 183 813 224 IVVEN.
862 181 998 222 SAT.
1057 182 1106 220 V.

1397 194 1482 238 219

1167 291 1285 335 Servi
1296 293 1483 348 'quoqtie,'

96 381 149 405 ex
179 367 358 404 barbaris
378 367 610 415 regionibus
647 381 668 402 a
693 365 960 403 venalitiariis
994 364 1061 401 vel
1096 365 1360 413 mangonibus
1389 365 1481 402 Ro·-

93 299 138 338 di
163 304 204 337 et
225 299 380 346 Hebae,
403 293 870 337 somnosissimis‘eorum
890 296 1108 349 pincernis.

95 448 202 472 mam
239 434 372 480 ducti,
414 434 601 471 vilissimi
627 440 741 470 crant
767 433 948 470 omnium
977 438 1017 468 et
1050 432 1219 469 minimo
1243 431 1481 469 vendeban-

95 509 164 539 tur
185 503 330 552 pretio.
372 500 435 538 Cf.
460 500 508 537 ad
533 500 563 547 I,
597 513 609 537 1
625 512 682 537 11.
796 513 944 536 mainw-
968 513 1081 535 ossea
1105 500 1279 542 Mauri,
1311 499 1482 536 Maurus

98 569 245 611 exilis,
277 568 538 614 macilentus,
571 574 619 603 ct
647 569 790 618 niger,
826 567 942 603 cuius
965 566 1118 616 species
1144 566 1280 602 verbis
1305 580 1384 617 seq.
1414 566 1481 603 sc·-

96 637 200 673 srive
230 635 506 672 adumbratur.
566 634 633 670 Sic
665 640 705 670 ct
738 634 923 684 graciles
956 633 1054 670 Indi
1090 633 1283 670 dicuntur
1316 633 1388 670 ins.
1413 633 1483 681 VJ,

98 703 192 741 466.
221 717 315 740 nani
345 702 494 738 nimius
523 707 657 751 gestus
690 702 860 739 maciem
897 701 1044 751 gignit,
1082 706 1130 737 ut
1161 699 1308 737 humor
1331 700 1485 750 frigus-

657 769 721 805 54.

98 785 176 821 quc
199 769 500 821 pinguedinem.
774 771 843 805 cui
881 769 932 805 ob
954 767 1208 817 nigredinem
1233 768 1486 818 maciemque

98 839 206 875 nolis
233 851 463 885 ocem-rere,
498 850 550 873 ne
571 842 775 872 terrorem
806 835 881 872 tibi
902 836 1085 882 incutiat,
1113 842 1317 886 tamquam
1338 830 1488 888 μορμαῗ

96 918 126 942 s.
169 900 429 956 μορμολύκη,
485 916 644 941 osseum
702 908 929 953 spectrum,
980 902 1220 954 phantasma
1260 909 1301 939 ot
1340 903 1488 941 umbra

98 972 271 1019 inormi,
304 984 405 1022 quae
443 976 483 1007 et
514 984 626 1007 ossea
660 975 701 1006 et
735 970 848 1019 nigra
882 983 968 1007 esse
1008 970 1186 1020 fingitur.
1247 968 1310 1006 Cf.
1336 968 1385 1007 ad
1408 970 1487 1015 VI,

100 1040 192 1088 572.
216 1039 310 1076 601.
333 1038 425 1075 (355.
452 1043 493 1074 ct
510 1039 640 1088 impp.
662 1037 783 1073 Mart.
808 1037 914 1084 VH,
947 1037 998 1074 86
1014 1066 1023 1083 ‚
1054 1050 1089 1074 2.
1149 1037 1215 1073 Sic
1240 1050 1293 1073 cx
1315 1050 1490 1075 occursu

99 1105 314 1156 Aethiopis
348 1111 389 1141 et
423 1104 562 1141 Mauri
590 1104 646 1140 M.
679 1104 830 1140 Brutus
854 1103 1027 1152 cladem,
1057 1111 1097 1141 et
1119 1103 1351 1140 Hadrianus
1376 1117 1492 1142 mor-—

101 1179 185 1210 tem
223 1172 299 1209 sibi
338 1171 619 1209 imminentem
650 1171 941 1220 augurabatur,
981 1171 1014 1208 si
1043 1171 1143 1207 fides
1176 1169 1361 1207 habenda
1379 1171 1489 1210 Plut.

101 1248 143 1278 et
167 1240 297 1291 Spart
423 1239 487 1276 55.
523 1240 796 1282 monimenta,
836 1238 1035 1290 sepulcra,
1065 1240 1248 1275 Lamnae
1265 1237 1366 1275 viae.
1389 1238 1494 1277 v.ad

105 1308 147 1356 Ι,
184 1320 271 1357 171.
411 1305 475 1343 56.
512 1306 634 1352 Flos,
665 1304 800 1352 decus,
829 1306 970 1353 Asiae,
1000 1306 1318 1343 formosissimus
1337 1318 1494 1355 puero-

100 1389 195 1414 rum
231 1386 525 1423 servorumque
556 1370 855 1419 Asiati00mun3
892 1378 938 1409 ut
972 1387 1034 1424 ap.
1069 1372 1153 1410 Cic.
1192 1371 1297 1409 Phil.
1333 1372 1398 1420 II,
1432 1375 1498 1413 15.

102 1443 182 1487 III,
225 1443 262 1480 5.
299 1437 339 1460 ²⁸
408 1439 474 1476 Ad
513 1439 695 1476 lautioris
736 1440 916 1477 convivii
959 1446 1196 1492 apparatum
1230 1440 1496 1490 pertinebant

104 1511 228 1547 etiam
273 1507 382 1546 servi
425 1506 598 1544 formosi
630 1512 671 1543 et
710 1507 813 1543 bene
847 1507 1006 1555 vestiti,
1059 1520 1134 1544 nec
1170 1520 1255 1544 non
1291 1506 1498 1558 eleganter

108 1576 233 1616 comti
268 1574 569 1626 unguentisque
601 1572 785 1620 delibuti,
812 1570 1010 1626 μειράκια
1040 1568 1174 1625 ὦραῖα
1199 1570 1499 1626 διακονούμενα

105 1659 169 1697 ap.
207 1642 378 1682 Lucian.
411 1641 438 1678 1.
465 1642 491 1680 l.
528 1655 612 1692 cap.
643 1641 704 1678 16.
747 1640 810 1678 Cf.
845 1642 922 1678 ins.
952 1642 1044 1688 IX,
1075 1642 1127 1679 46
1165 1655 1246 1692 seq.
1282 1641 1403 1688 XIII,
1431 1644 1498 1682 44.

108 1713 196 1751 Cic.
229 1711 279 1749 de
315 1710 385 1748 fin.
421 1709 485 1757 II,
516 1710 580 1747 23.
624 1709 690 1754 (ut
723 1714 867 1746 contra
902 1708 953 1746 de
992 1723 1118 1746 coena
1136 1708 1296 1746 modica
1317 1709 1392 1747 ins.
1417 1711 1498 1755 XI,

111 1780 188 1819 145
229 1774 329 1830 seq.)
373 1776 548 1814 Martial.
578 1775 702 1824 VIII,
734 1777 809 1827 39,
844 1777 881 1813 4.
913 1776 990 1823 IX,
1019 1777 1086 1819 23,
1115 1789 1139 1827 9
1165 1789 1245 1826 seq.
1268 1776 1344 1824 IX,
1372 1779 1438 1826 74,
1462 1778 1500 1816 6.

109 1847 241 1895 XIII,
284 1846 372 1883 108.
413 1844 558 1895 quibus
593 1842 692 1880 locis
731 1843 851 1880 etiam
878 1844 1073 1894 pincerna
1106 1842 1204 1880 hinc
1246 1844 1503 1894 Ganymedes

111 1914 286 1961 dicitur,
311 1918 360 1950 ut
392 1911 467 1949 ins.
500 1924 538 1949 v.
571 1912 635 1961 59.
693 1909 870 1947 Maximi
888 1916 1023 1947 autem
1043 1910 1360 1949 aestimabantur
1380 1913 1503 1962 servi,

111 1996 167 2020 ex
190 1980 389 2031 Phrygia,
415 1977 546 2028 Lycia
565 1977 735 2028 aliisque
763 1975 883 2013 Asiae
909 1977 1079 2015 minoris
1101 1978 1336 2027 regionibus
1368 1981 1503 2030 petiti.

115 2049 181 2087 Cf.
208 2048 285 2095 XI,
323 2047 410 2094 147.
538 2052 633 2081 ante
658 2045 797 2094 ipsum
817 2050 1037 2095 patronum
1060 2058 1112 2081 sc.
1139 2050 1237 2093 stat,
1263 2053 1428 2097 paratus
1452 2047 1504 2086 ad

115 2115 402 2154 ministerium.
461 2112 528 2149 Sic
553 2109 725 2161 στῆναι,
753 2109 1016 2165 παραστῆναι
1038 2115 1117 2154 τινῖ
1143 2125 1215 2150 seu
1240 2110 1417 2156 ἐνώπιόν
1440 2132 1508 2161 τιή
1540 2159 1542 2161 ,

164 2259 219 2291 28.
267 2256 323 2289 Cs.
350 2256 471 2300 Heyne
500 2254 545 2286 ad
568 2253 667 2298 Virg.
695 2253 784 2288 Aen.

120 2316 215 2355 vm,
243 2316 322 2348 500.
372 2312 545 2345 Similiter
579 2310 691 2349 ἄνθος
717 2314 786 2344 τῶν

104 2373 313 2415 Δ’Ἆθηιίπιῖων
372 2369 460 2403 dixit
509 2369 670 2414 Thueyd.
726 2369 788 2410 I'V‚

127 2431 203 2465 135.
233 2426 355 2472 ἡρώων
377 2425 484 2458 ἄωτοι
505 2434 540 2458 et
564 2428 697 2459 ναυτῶν
716 2425 789 2460 ἷὶω-

229 2485 333 2520 Pind.
373 2483 475 2515 Nem.
522 2483 617 2525 VIII,
659 2483 712 2517 15.
757 2491 791 2517 et

126 2544 227 2589 Pyth.
274 2542 345 2583 IV,
391 2539 469 2573 555.
512 2540 591 2584 flos
627 2541 792 2574 iuvenum

119 2599 400 2646 pubescentium
489 2606 523 2630 et
591 2598 792 2631 iuventuti-s·

128 2657 203 2689 Liv.
223 2656 322 2698 VIII,
358 2655 392 2689 8.
425 2663 459 2688 et
486 2654 540 2688 28.
567 2654 716 2698 XXVII,
735 2655 792 2689 35.

128 2712 308 2755 XXXVII,
348 2724 400 2748 12.
447 2712 492 2747 ad
529 2724 617 2756 qnae
650 2713 727 2746 loca
760 2724 793 2746 v.

200 2808 215 2829 l

124 2500 184 2525 τος

840 2254 1020 2288 Drakenb.
1070 2255 1126 2287 Cs.
1149 2256 1346 2290 Hemsterh.
1364 2257 1409 2289 ad
1429 2258 1506 2292 Lu-

843 2315 933 2345 cian.
973 2314 1072 2345 Tim.
1115 2324 1145 2344 c.
1179 2312 1234 2346 55.
1275 2321 1308 2345 et
1335 2313 1506 2350 Abresch.

842 2371 962 2404 Diluc.
1004 2369 1162 2414 Thucyd.
1200 2382 1236 2412 p.
1261 2371 1339 2414 489.
1399 2371 1508 2407 Poeta

846 2429 938 2461 forte
968 2430 1074 2460 etiam
1107 2426 1149 2458 ad
1181 2427 1315 2471 florem
1355 2431 1509 2472 aetatis,

845 2486 907 2528 τῆς
930 2484 1019 2529 ἥβης
1045 2483 1175 2529 ἀγλαὸν
1207 2484 1340 2527 ἄνθος,
1385 2498 1509 2530 respe-

846 2544 909 2584 xit,
944 2541 988 2574 de
1018 2553 1088 2584 quo
1107 2554 1138 2575 v.
1158 2542 1203 2575 ad
1226 2542 1290 2575 Sil.
1305 2543 1336 2585 1,
1358 2542 1413 2576 61.
1441 2544 1510 2586 ΙΙΙ,

848 2598 902 2631 84.
923 2598 1016 2640 VII,
1046 2597 1125 2644 691.
1144 2607 1178 2634 et
1197 2599 1313 2633 Klotz.
1342 2600 1387 2634 ad
1411 2601 1511 2647 Tyrt-

848 2667 883 2701 p.
903 2654 958 2689 68.
987 2657 1041 2702 69.
