1686 3089
440 153 519 197 IN
564 147 804 194 ivvssN.
865 151 1010 194 SAT.
1061 154 1158 194 xxa
1227 148 1230 150 ·
1412 153 1491 205 5-‹31

104 269 356 311 'Athenionis
393 283 454 322 ap.
477 269 627 308 Athen.
652 268 770 317 XIV,
793 269 857 307 23.
916 269 1099 313 Anima,
1145 268 1218 306 Gr.
1254 262 1394 322 ›1szva³
1435 272 1498 305 est

105 338 172 387 id,
206 352 285 389 quo
311 339 473 386 vivunt,
504 339 690 376 sentiunt
714 349 759 374 ac
782 342 999 374 moventur
1025 342 1066 373 et
1088 335 1274 374 homines
1298 342 1340 374 et
1363 341 1500 373 cetera

106 394 350 444 cininmntia
365 435 378 451 ,
409 418 512 457 quae
536 404 634 442 iude
664 417 814 442 nomen
835 401 1010 451 habent,
1049 403 1111 441 vis
1133 405 1268 441 vitalis
1281 432 1307 452 ,.
1331 409 1499 454 vegeta-

106 472 202 511 bilis
230 487 276 510 ac
303 474 516 521 sensitiva,
578 468 681 523 quzie
713 471 861 522 plantis
887 471 1008 509 etiam
1032 477 1074 508 ct
1105 472 1317 510 arboribus
1350 469 1506 509 tribui-

106 546 201 578 tur:
256 542 449 584 animas,
488 537 582 585 νοῦς
608 545 650 576 et
679 534 816 591 φρήν,
857 545 919 576 est
941 551 1076 587 mens,
1112 539 1179 576 vel
1203 539 1263 586 id,
1316 538 1424 590 quod
1455 538 1500 576 in

107 608 227 646 nobis
259 609 454 658 ¹cogitat,
519 606 716 655 intelligit
769 618 814 642 ac
855 605 966 655 vult,
1020 613 1062 644 et
1111 620 1191 658 quo
1231 606 1418 657 sapimus.
1445 625 1502 635 -

106 676 192 712 ,150
215 688 304 726 seq:
345 677 524 712 Mutuus
567 673 744 725 affec-tus
780 672 1092 712 benevolentiae
1129 681 1250 726 atque
1279 673 1426 712 amoris
1461 679 1502 710 et

104 742 338 779 communis
375 741 530 778 utilitas
561 745 658 777 sunt
688 739 854 777 vincula
877 741 1086 779 societatis
1109 739 1331 790 humanae,
1391 739 1502 793 quod

104 809 319 860 praeclare
353 808 474 846 docet
500 814 633 859 poeta.
694 806 758 843 Cf.
795 806 888 844 Sen.
913 808 991 859 Ep.
1017 810 1082 860 95.
1111 816 1152 847 et
1174 809 1225 847 de
1245 809 1312 847 Ira
1333 809 1366 858 Ι,
1386 809 1422 846 5.
1445 829 1503 837 —

86 875 204 915 ‘151-
232 874 304 913 Cf.
334 876 482 913 Horat.
512 875 591 912 Sat.
615 874 649 918 I,
677 875 715 921 3,
740 874 828 912 105.
861 880 903 911 et
938 874 1022 913 Cic.
1047 876 1170 915 Tusc.
1193 877 1361 926 Quaest.
1385 876 1438 924 V,
1463 887 1501 914 2.

104 955 136 980 s.
167 943 204 980 5.
260 944 484 994 Dispersos
520 956 596 994 per
646 941 806 979 deserta
849 947 891 979 et
927 944 1059 995 sylvas
1097 943 1283 982 homines
1324 943 1500 988 trahere,

105 1009 374 1057 confsahere,
405 1022 674 1060 congregare,
704 1011 750 1046 in
775 1010 996 1060 populum,
1027 1011 1244 1049 civitatem.
1318 1012 1407 1049 152.
1431 1009 1500 1050 Cs.

105 1077 182 1124 N'I,
204 1090 241 1115 2.
266 1078 303 1115 3.
340 1079 541 1129 proauiS,
571 1090 594 1114 a
623 1077 861 1115 maioribus.
963 1079 1051 1116 153.
1096 1079 1281 1123 laribus,
1320 1079 1501 1119 aedibus.

111 1145 204 1182 155.
250 1145 303 1181 Ut
343 1145 522 1188 collata,
567 1153 734 1192 mutua,
788 1145 960 1193 fiducia
996 1151 1037 1183 et
1071 1158 1162 1197 spes
1197 1147 1344 1185 auxilii
1379 1149 1503 1187 etiam

108 1218 239 1250 noctu
267 1220 375 1249 tutos
400 1218 628 1263 praestaret
650 1211 835 1250 homines
859 1215 998 1250 vicino
1025 1214 1183 1257 limine,
1212 1215 1363 1253 iunctis
1389 1216 1502 1254 aedi-

108 1278 186 1318 bus
215 1285 258 1316 et
284 1280 422 1317 vicino
455 1293 576 1330 opem
609 1279 772 1317 serente
800 1280 959 1319 vicinis.
1052 1281 1140 1319 156.
1175 1291 1400 1333 nutantem,
1436 1284 1497 1322 la—

109 1345 290 1385 bantem.

227 1416 303 1452 158
330 1414 500 1463 —>174.
545 1413 694 1465 Magna
726 1415 921 1453 orationis
954 1416 998 1454 vi
1028 1422 1071 1453 et
1110 1418 1332 1457 verborum
1365 1420 1502 1471 gravi-

109 1487 194 1519 tate
216 1482 456 1533 increpatur
479 1481 639 1530 odium,
669 1496 747 1534 quo
771 1496 814 1520 se
834 1480 1021 1520 invicem*
1036 1492 1343 1536 prosequuntur
1364 1485 1501 1526 homi-

107 1562 194 1588 nes.
259 1549 527 1589 ‘158-164,
569 1549 682 1586 Haec
708 1550 742 1586 si
769 1563 850 1587 non
880 1563 1071 1601 prorsus,
1111 1559 1249 1590 tamen
1278 1555 1500 1594 maximam

107 1623 267 1670 partem
297 1617 464 1655 veritati
495 1623 763 1654 consentanea
789 1623 884 1654 sunt
914 1623 956 1654 et
983 1617 1023 1655 h.
1050 1618 1076 1655 1.
1109 1620 1328 1669 aptissima.
1374 1622 1500 1660 Feras

109 1697 195 1722 non
219 1684 301 1721 nisi
330 1684 373 1720 in
397 1682 558 1720 diversa
581 1695 730 1732 genera
754 1684 934 1733 saevire,
982 1685 1236 1724 contendunt
1261 1688 1382 1726 etiam
1406 1690 1502 1727 Ho-

110 1757 186 1790 rat.
210 1750 340 1802 Epod.
358 1748 458 1793 VII,
488 1761 549 1786 11.
578 1761 639 1786 12.
683 1750 787 1787 Plin.
811 1750 906 1798 VII,
932 1761 964 1790 Ι.
995 1752 1087 1789 Seu.
1114 1753 1189 1804 Ep.
1215 1755 1280 1808 95.
1312 1756 1362 1794 de
1381 1757 1498 1796 clem.

111 1819 146 1867 I,
167 1819 230 1858 26.
257 1825 298 1856 et
321 1822 508 1855 controv.
533 1830 569 1867 9.
601 1816 762 1868 aliique.
821 1818 901 1856 Sed
922 1819 1200 1858 v.Mitscherl.
1220 1822 1269 1859 ad
1288 1826 1392 1863 Hor.
1416 1826 1442 1863 l.
1465 1840 1499 1864 c,

112 1886 317 1926 Harduin.
351 1884 402 1923 ad
431 1884 536 1922 Plin.
564 1884 590 1920 ἶ.
612 1884 639 1921 Ι.
680 1884 867 1923 Bernart.
887 1886 943 1923 ‘ad
970 1888 1070 1925 Stat.
1104 1902 1143 1939 p·
1171 1890 1237 1937 37.
1278 1890 1422 1943 Scalig.
1452 1894 1503 1931 ad

111 1955 238 2000 {Varn
272 1968 311 2006 p.
338 1953 428 1992 118.
460 1958 501 1989 et
523 1951 673 1989 Exere.
696 1954 789 1991 240.
820 1953 908 1991 adv.
937 1953 1166 1994 Cardanum
1189 1970 1229 2008 p.
1257 1957 1348 2008 737.
1377 1959 1500 2000 Brod.

113 2022 291 2062 Miscell.
313 2022 388 2069 ΙΙΙ,
411 2021 478 2058 28.
508 2041 564 2047 --
654 2019 743 2059 160.
774 2021 979 2073 Cognati-s
1017 2024 1217 2067 maculis,
1250 2023 1292 2062 h.
1317 2039 1350 2064 e.
1376 2027 1503 2078 serae,

115 2090 283 2128 easdem
304 2088 481 2128 maculas
505 2085 683 2134 habenti,
712 2090 855 2137 parcit
881 2090 1032 2126 similis
1046 2092 1164 2142 fira,
1188 2092 1339 2143 pardus
1362 2097 1504 2147 pardo,

112 2157 220 2209 lynx
248 2157 379 2208 lynci,
410 2156 527 2207 tigris
552 2153 704 2205 tigridi.

235 2226 310 2264 165
327 2246 379 2254 —
397 2236 485 2273 171.
538 2222 741 2260 Homines
766 2237 851 2262 non
880 2223 1003 2262 modo
1030 2238 1073 2262 se
1103 2226 1278 2266 invicem
1312 2230 1505 2270 occidunt

115 2293 255 2342 ferro,
284 2292 354 2331 sed
389 2294 512 2330 etiam
545 2289 776 2329 comedunt.
835 2293 1023 2340 nefanda
1051 2293 1265 2344 epitheton
1288 2297 1351 2333 rei
1375 2304 1416 2335 ct
1439 2299 1505 2336 af-

115 2361 250 2401 fectui
279 2361 543 2413 aptissimum.
632 2358 707 2396 166
733 2380 774 2387 -·
793 2358 881 2397 168.
924 2359 1054 2397 Primi
1078 2360 1186 2398 fabri
1208 2376 1262 2400 ex
1287 2363 1402 2401 serro
1436 2365 1504 2404 in-

119 2434 349 2468 strumenta
366 2428 517 2466 rustica
538 2426 757 2484 parabeints
775 2440 856 2465 non
879 2426 1042 2478 gladios.
1084 2426 1148 2465 Cf.
1175 2429 1278 2467 Plin.
1293 2431 1505 2480 XXXIV,

125 2499 187 2536 14.
218 2497 310 2534 Sen.
323 2495 373 2534 de
386 2496 483 2533 Ben.
499 2494 595 2541 VII,
618 2506 679 2533 10.
708 2494 861 2532 Tibull.
876 2495 956 2542 1‚3.
981 2496 1095 2545 Virg.
1114 2496 1188 2533 Ge.
1202 2497 1256 2545 II,
1272 2499 1505 2539 538-540.

124 2563 215 2610 168.
246 2562 308 2601 Cf.
331 2564 427 2601 Var.
447 2562 566 2599 Lect.
662 2560 750 2613 169.
781 2563 988 2613 populoe,
1031 2562 1279 2614 Tentyritas.

239 2642 312 2679 171
340 2644 422 2682 seq.
452 2629 606 2666 Similis
632 2629 746 2666 color
769 2630 962 2667 orationis
986 2630 1040 2678 ΙΙ,
1063 2643 1076 2667 1
1097 2644 1177 2682 seq.
1206 2638 1248 2669 et
1275 2634 1504 2672 153—158.

121 2697 339 2738 Praeclare
362 2704 500 2738 auten]
523 2695 866 2748 anthropophagis
888 2698 1110 2750 opponitur
1132 2699 1411 2753 Pythagoram,
1437 2702 1507 2754 qui
