1686 3089
235 142 289 187 ,42
637 145 1220 189 COMMENTARIVS

235 262 332 302 dant
352 262 473 315 paulo
499 261 622 312 magis
644 262 732 312 pios
747 276 756 309 ;
807 263 903 301 inde
928 270 1091 316 poetam
1117 263 1202 311 VL’-
1226 272 1318 314 292.
1346 265 1487 316 queri,
1526 266 1617 304 Ro-

231 345 373 369 manos
399 332 496 380 pati
531 331 681 379 lungae
710 332 836 379 pac-is
866 332 989 368 mala.
1117 331 1292 379 Quando
1317 334 1449 368 maior
1471 335 1617 369 avari-

231 400 319 435 tiae
348 399 490 447 patuit
537 399 676 440 smus,
726 395 1006 447 metaphorica
1030 396 1178 444 dictio,
1227 411 1346 448 quam
1385 399 1453 435 alii
1474 404 1617 450 putant

229 464 455 502 desumtam
480 477 564 501 esse
589 478 610 500 a
633 464 722 500 sinu
744 470 878 512 togae,
908 465 952 501 in
974 477 1052 514 quo
1073 459 1244 514 pecunia
1264 465 1349 501 sive
1368 467 1617 517 marsupium

229 547 253 571 e
276 533 381 570 collo
402 532 582 583 pendens
609 531 790 580 aliaeque
812 544 877 567 res
911 531 1188 568 condebantur
1213 537 1254 568 et
1286 532 1328 568 in
1353 545 1496 582 quem,
1537 546 1616 582 quo

225 600 362 640 laxior
380 605 468 636 erat
489 604 581 648 toga
604 597 812 648 maiorque
838 598 947 634 sinus
961 627 971 645 ‚
1011 611 1058 635 eo
1079 599 1197 650 plura
1219 599 1379 636 demitti
1403 603 1616 648 poterant3

225 668 296 705 alii
321 680 419 704 vero
448 679 472 702 a
508 664 813 715 navigantibus,
853 678 1028 716 quorum
1057 666 1167 713 vela,
1209 680 1288 718 quo
1321 667 1514 703 maiorem
1539 677 1617 702 ex-

226 735 380 788 plicant
425 733 582 780 sinum,
650 745 698 768 eo
747 732 944 770 maiorem
999 739 1113 770 vent(
1126 746 1218 769 :um
1262 732 1346 770 vim
1387 732 1614 783 excipiunt.

229 801 396 854 quando
420 801 514 837 alea
537 799 632 843 hos,
667 803 753 845 tot,
794 801 957 837 animos
981 813 1032 836 sc.
1073 800 1201 849 cepit,
1241 798 1484 851 occupavit?
1527 799 1615 835 Ab-

227 876 348 920 rupta
371 867 500 905 oratio
525 865 688 903 affectui
719 871 990 903 consentanea
1021 871 1093 903 est.
1136 881 1264 917 neque
1298 868 1431 914 enim,
1482 879 1616 916 neque

228 937 353 974 etiam·
388 934 443 985 (V.
479 933 529 972 ad
552 933 628 981 XI,
665 933 750 980 30.)
781 933 848 970 vel
870 946 1003 984 neque
1036 946 1135 970 vcro
1167 931 1225 980 (v.
1248 933 1308 969 ‘ad
1332 932 1426 979 VII,
1457 934 1545 969 124.
1572 932 1617 969 in

226 1004 324 1042 Var.
357 1002 498 1049 Lect.)
531 1001 676 1037 loculis
709 1001 1003 1037 comit-anfibus
1037 1005 1113 1037 cet.
1176 1000 1239 1037 Ita
1267 999 1331 1037 his
1356 999 1491 1037 verbis
1527 1012 1617 1037 ma—

226 1069 395 1122 gnitudo
415 1069 594 1105 iacturae
617 1073 657 1104 et
680 1067 835 1103 insania
856 1066 1097 1113 ludentium,
1122 1067 1204 1103 illis
1229 1080 1328 1103 vcro
1344 1065 1491 1103 horum
1505 1065 1614 1102 mul-

223 1137 358 1176 titudo
383 1133 716 1173 adumbraretur:
752 1139 974 1184 utrumque
996 1139 1133 1171 autem
1157 1139 1280 1184 poeta
1304 1132 1512 1183 designare
1535 1145 1615 1169 vo-

225 1206 350 1244 luisse
374 1203 550 1240 videtur.
608 1200 819 1237 Hcineckc
841 1198 941 1237 haec
967 1199 1197 1237 adnotavit:
1236 1201 1368 1247 „Alea
1390 1205 1472 1237 tam
1492 1198 1614 1246 nude,

224 1273 299 1310 ubi
322 1268 548 1321 requiritur
572 1267 891 1317 comparativus,
930 1280 997 1303 me
1028 1280 1187 1317 semper
1211 1266 1392 1304 ossendit.
1447 1266 1614 1303 Britan-

224 1340 340 1377 nicus
362 1333 686 1374 subaudiendum
719 1346 804 1370 cssc
839 1334 895 1369 ait
931 1335 1068 1384 magis
1091 1336 1256 1370 vexarit
1284 1333 1350 1370 vel
1373 1332 1482 1369 aliud
1503 1332 1613 1383 quid.

220 1401 525 1455 Ellipsisssverbi
551 1402 646 1437 satis
678 1400 846 1447 usitata,
896 1413 980 1437 non
1014 1413 1111 1437 vero
1137 1413 1231 1437 cum
1261 1402 1408 1450 magis.
1453 1400 1494 1437 V
1497 1400 1534 1436 el
1560 1413 1614 1437 ex

222 1470 402 1511 antece-d.
440 1470 575 1505 maior
609 1480 765 1504 assume
797 1468 1141 1517 comparativum,
1180 1467 1249 1517 qui
1275 1465 1355 1502 huc
1386 1467 1612 1514 conveniat,

221 1545 264 1576 et
301 1538 373 1574 hos
407 1531 613 1579 δεικτικῶς
649 1533 810 1584 accipe,
857 1532 931 1570 hos
961 1533 1186 1581 Romanos3
1242 1536 1296 1585 (v.
1338 1532 1525 1570 Oudend.
1559 1533 1610 1570 ad

220 1606 377 1645 Lucan.
400 1603 430 1651 I,
458 1602 571 1649 363.)
596 1600 662 1637 vel
682 1601 817 1651 potius
843 1601 1021 1650 corrige:
1062 1601 1155 1637 alea
1179 1601 1344 1652 quando
1370 1601 1491 1636 Iiaee
1513 1602 1611 1637 ani-

223 1687 333 1716 mos,
375 1668 536 1722 quando
559 1668 645 1705 alea
667 1667 769 1704 haec
790 1668 815 1704 i.
839 1682 872 1704 e.
899 1667 1014 1716 talis,
1054 1673 1100 1705 ut
1122 1681 1231 1704 nunc
1258 1674 1339 1715 est,
1389 1667 1480 1704 talis
1501 1668 1610 1705 aleae

221 1739 422 1790 cupiditas
447 1739 632 1779 animos,
672 1733 880 1782 homines,
926 1748 980 1771 sc.
1016 1735 1137 1785 cepit.
1196 1733 1423 1786 Corruptus
1464 1741 1525 1772 est
1542 1735 1608 1772 lo-

220 1820 291 1845 cus
313 1806 360 1843 ab
382 1803 585 1854 imperitis
614 1801 817 1849 librariis,
867 1802 937 1853 qui
968 1806 1180 1853 putarent,
1217 1801 1319 1839 haec
1345 1802 1609 1841 referendum

219 1887 305 1912 esse
338 1871 389 1909 ad
423 1871 631 1908 animos.“
701 1868 815 1917 Quae
851 1870 886 1906 si
918 1883 990 1920 ego
1025 1868 1298 1916 adnotassem,
1339 1869 1409 1907 ille
1436 1869 1607 1907 dixisset

216 1942 414 1987 sortasse,
460 1936 648 1974 inutilem
680 1949 767 1972 esse
801 1935 905 1973 hanc
951 1938 1250 1983 coniecturam,
1299 1936 1476 1988 ineptam
1506 1950 1605 1973 vero

215 2005 600 2058 interpretationem
654 2004 777 2041 illam.
843 2004 950 2040 Alea
987 2004 1090 2054 (quo
1127 2016 1215 2040 voc.
1254 2004 1383 2041 omnis
1417 2004 1604 2054 designa-

217 2081 286 2112 tur
319 2072 458 2118 ludus,
505 2072 575 2123 qui
611 2072 778 2109 fortuna
811 2071 935 2119 magis
962 2084 1080 2122 quam
1112 2076 1197 2108 arte
1227 2071 1383 2120 regitur
1406 2071 1602 2122 nobisque

218 2139 507 2188 Hazarclspiel
526 2137 607 2174 dici
630 2137 752 2185 solet)
781 2137 937 2174 Romae
957 2143 998 2174 et
1019 2138 1150 2187 turpis
1178 2143 1265 2174 erat
1286 2143 1326 2174 et
1347 2138 1504 2188 legibus
1527 2152 1603 2175 ve-

217 2210 314 2247 tita:
333 2205 372 2231 34
411 2204 480 2242 sed
502 2204 581 2255 ipsi
606 2217 766 2255 quoquc
790 2203 1060 2254 Imperatores
1078 2204 1190 2241 nullo
1212 2204 1322 2241 lusus
1346 2219 1492 2253 genere
1514 2220 1601 2243 ma-

216 2277 299 2327 gis,
356 2286 476 2325 quam
515 2270 614 2318 hoc,
676 2270 984 2308 oblectabantur
1021 2270 1334 2321 exemplumque
1377 2271 1533 2310 dabant.
1568 2270 1601 2294 3⁵

215 2342 386 2390 Loculi,
427 2338 587 2391 capsula
608 2336 675 2375 vel
699 2349 913 2386 crumena,
944 2351 1045 2390 quac
1068 2338 1242 2390 aliquam
1262 2339 1460 2389 pecuniae
1485 2353 1597 2377 sum-

256 2516 313 2550 53.
334 2529 365 2548 v.
384 2500 550 2548 Heubach
578 2513 629 2560 vde
659 2515 781 2557 politia
802 2513 874 2545 Ro-
931 2525 985 2558 7¹·
1012 2513 1124 2556 Calig.
1148 2525 1176 2547 c.
1198 2514 1252 2547 41.
1279 2513 1403 2548 Claud.
1437 2525 1464 2546 c.
1488 2514 1540 2546 33.
1561 2523 1594 2547 et

214 2587 311 2607 man.
334 2573 453 2605 Goett.
476 2583 572 2616 ¹79¹·
595 2571 626 2615 ᾗ.
644 2571 697 2603 41.
719 2579 752 2601 ct
770 2571 875 2614 iutpr.
930 2570 1065 2603 Domit.
1095 2583 1123 2603 c.
1157 2583 1212 2604 21.
1236 2572 1291 2604 Cf.
1314 2571 1378 2604 inf.
1414 2572 1514 2612 VIII,
1542 2581 1591 2606 ιο.

212 2632 334 2664 Horat.
364 2629 433 2662 Od.
453 2630 519 2668 111,
541 2629 597 2668 24,
620 2628 674 2660 53.
930 2627 1029 2670 XIV,
1048 2628 1082 2662 4.
1106 2627 1138 2662 5.

258 2688 315 2722 55.
337 2699 368 2720 v.
398 2687 544 2720 Sueton-
574 2686 665 2730 Aug.
699 2697 730 2719 c.
764 2695 818 2731 70.
843 2693 878 2718 et
