1686 3089
490 204 567 245 IN
607 202 845 263 LVVJQN.
875 202 1016 243 SAT.
1043 201 1136 242 VII.
1423 202 1508 248 445

121 306 246 370 quum
280 317 369 369 ipse
404 318 496 369 plus
529 318 714 356 lucretur
736 323 833 356 'arte
865 331 947 356 sua.
1016 315 1262 355 Theodorus
1283 317 1509 367 Gadareus.

121 386 415 423 celeberrimus
439 385 592 423 rhetor.
619 383 658 407 ⁶9
715 387 781 424 De
799 385 1059 436 Chtysogono
1086 390 1128 421 et
1152 386 1344 422 Pollione
1366 399 1404 423 v.
1418 400 1506 437 sup.

115 452 167 491 ad
189 453 263 501 VI,
293 454 355 502 74.
380 460 420 491 et
442 455 536 502 387.
596 452 775 502 Quidem
802 459 965 505 putant,
1002 451 1041 489 h.
1067 452 1093 489 l.
1121 466 1166 489 ea
1194 466 1356 504 quoque
1389 452 1509 491 Rhe-

117 525 257 558 torum
280 535 369 558 esse
390 522 556 558 nomina
582 527 624 560 ,et
644 534 807 558 sensum
843 520 974 558 hunc:
1034 521 1209 572 quanti,
1256 534 1375 571 quam
1416 523 1509 560 exi-

116 600 196 638 gua
218 588 431 636 mercede,
462 589 607 626 doceat
639 589 808 632 Pollio,
851 597 981 626 artem
1022 587 1225 624 Theodori
1254 586 1506 628 rhetoricam

112 656 330 701 scindens,
359 657 405 693 in
432 654 599 693 minima
623 669 761 692 mansa
784 669 813 692 s.
842 655 1079 693 minutatim
1104 655 1218 706 quasi
1250 654 1436 693 dividens
1469 661 1513 694 et

113 722 316 773 ingerens.
387 722 469 760 Sed
501 736 646 760 verum
682 723 792 761 sorte
828 722 868 761 h.
892 723 918 760 l.
939 736 1104 760 sensum
1129 723 1239 773 cepit
1260 722 1361 760 Ach.
1390 723 1508 761 cuius

111 793 212 828 nota
247 796 327 828 est:
386 789 519 838 „Non
550 804 740 842 possum,
782 792 881 842 quin
920 791 1049 828 mirer
1098 789 1339 828 facilitatem
1355 819 1368 835 ,
1430 804 1512 842 qua

111 858 360 908 interpretes
383 858 587 896 contraria
611 858 826 896 contrariis
858 858 1034 908 iungunt.
1060 863 1178 908 atque
1195 856 1511 908 Chrysogonum

116 930 159 961 et
191 925 447 972 Pollionem,
487 939 587 976 quos
609 931 733 976 poeta
754 939 842 976 sup.
865 925 939 972 VI,
967 926 1030 973 74.
1052 930 1092 961 et
1117 925 1210 972 387.
1231 930 1278 962 ut
1304 923 1514 963 citharoe-

113 990 184 1030 dos
209 991 415 1030 adulteros
449 998 491 1029 et
517 993 633 1044 quasi
665 992 858 1030 lasciviae
890 992 1105 1042 magistros
1135 992 1297 1040 citavit,
1339 997 1514 1031 vertunt

111 1071 222 1098 nunc
257 1059 301 1099 in
334 1058 534 1098 rhetores.
607 1060 695 1111 Ego
722 1061 845 1096 etiam
897 1059 1153 1097 Theodorum
1202 1072 1287 1096 esse
1327 1059 1514 1110 suspicor

110 1127 397 1166 citharoedum
413 1156 422 1174 ‚
449 1130 519 1179 qui
543 1128 641 1165 artis
667 1140 763 1164 suae
783 1126 943 1176 regulas
967 1127 1204 1178 scripserit,
1237 1138 1334 1178 quas
1373 1125 1508 1176 Clzry-

111 1207 291 1246 sogonus
304 1201 346 1232 et
357 1195 498 1232 Pollio
516 1195 714 1233 scindunt
729 1194 754 1230 i.
771 1208 805 1230 e.
817 1192 968 1231 docent
982 1206 1144 1245 puerOS,
1167 1193 1233 1230 vel
1246 1193 1372 1230 alium
1400 1193 1514 1231 sorte

111 1261 431 1311 deformiorem,
462 1261 513 1299 ad
537 1262 653 1299 cuius
674 1260 924 1299 cinaedicam
954 1267 1083 1298 artem
1109 1259 1319 1298 infandam
1343 1260 1411 1297 isti
1433 1273 1514 1303 ne-,

112 1330 284 1369 bulones
298 1329 372 1367 sub
385 1331 522 1380 specie
548 1329 646 1366 artis
670 1329 850 1367 musicae
871 1327 1078 1366 docendae
1103 1328 1383 1366 informabant
1404 1341 1514 1379 pue-

112 1410 196 1435 ros.
256 1397 363 1434 Nam
397 1397 443 1434 in
476 1395 657 1448 Hesych.
696 1396 802 1433 Lex.
825 1394 876 1432 ad
895 1395 1009 1433 verb.
1047 1391 1263 1447 Θεόδωρος
1283 1397 1366 1435 sic:
1403 1399 1512 1438 Θεο-

110 1462 270 1519 δώρους
302 1463 440 1517 ἔλεγον
471 1467 511 1504 οἱ
532 1464 709 1515 κωμικοὶ
743 1459 837 1509 τούς
858 1459 1197 1514 εὐρυπρώκτους,
1230 1460 1315 1504 dno*
1347 1460 1515 1506 Θεοδώ-

111 1546 188 1586 ρου
210 1527 344 1580 τινός,
375 1526 448 1573 οὐκ
472 1526 519 1572 εὖ
538 1530 612 1581 τῆς
634 1528 784 1572 ἑαυτοῦ
807 1527 918 1583 ὥρας
941 1530 1304 1583 προστησαμένου.
1319 1531 1346 1549 “

230 1602 375 1650 178—-
392 1599 483 1648 187.
551 1599 717 1638 Divites
746 1598 926 1636 Romani
958 1597 1083 1635 nullis
1110 1598 1312 1637 sumtibus
1337 1606 1515 1651 parcunt

109 1668 155 1708 in
171 1668 424 1714 balneorum,
453 1666 648 1704 villarum
668 1666 739 1705 vel
761 1665 907 1704 domus
933 1671 973 1703 et
998 1665 1217 1717 epularum
1242 1667 1512 1717 magnificen-

110 1739 194 1784 tia3
233 1735 305 1773 sed
334 1731 390 1786 (v.
420 1735 531 1783 186.)
576 1737 685 1773 inter
715 1734 788 1771 hos
825 1742 1008 1781 sumtus,
1051 1746 1174 1784 quum
1199 1739 1262 1771 tot
1286 1741 1444 1771 sumtus
1466 1734 1511 1772 in

111 1803 216 1842 tales
245 1815 313 1840 res
351 1802 613 1854 impendant,
655 1802 735 1838 cluo
772 1803 989 1845 sestertia,
1028 1800 1145 1848 (cave
1167 1813 1260 1838 cum
1285 1799 1387 1838 Ach.
1411 1814 1513 1852 sup-

111 1871 224 1923 pleas
243 1870 401 1915 millia)
429 1877 475 1906 ut
501 1870 676 1906 multum
700 1868 786 1905 scil.
817 1867 961 1915 dicam,
988 1865 1029 1904 h.
1054 1880 1089 1904 e.
1118 1881 1335 1916 summum,
1368 1868 1510 1906 Germ.

112 1937 350 1981 hffehstens,
394 1932 468 1989 (ita
505 1935 634 1973 Gron.
668 1934 721 1972 ad
750 1935 875 1972 Mart.
897 1934 952 1982 X,
978 1947 1039 1982 11,
1059 1934 1096 1971 6.
1127 1933 1311 1972 Scheller
1334 1936 1379 1973 in
1401 1934 1509 1973 Lex.

118 2012 164 2044 et
182 2003 330 2054 Hein.)
361 2005 549 2055 sufficere
570 2008 718 2055 putant
741 2002 809 2040 vel
832 2002 1055 2039 clarissimo
1080 2001 1314 2053 optimoque
1338 2001 1514 2050 rhetori,

114 2072 245 2126 qualis
281 2071 574 2122 Quintilianus
609 2069 692 2108 suit
705 2097 719 2114 ,
766 2068 825 2121 (v.
861 2059 1018 2117 ad'VL
1044 2068 1127 2120 75.)
1156 2069 1248 2106 loco
1276 2069 1411 2107 salarii
1432 2073 1511 2120 pro

112 2140 341 2179 liberorum
362 2138 632 2176 institutione.
744 2138 910 2174 Balnea
933 2139 1134 2175 sexcentis
1161 2136 1383 2183 sestertiis,
1409 2134 1448 2172 h.
1478 2148 1514 2173 e.

116 2208 401 2246 sestertiorum
420 2206 625 2254 millibus,
654 2204 740 2242 scil.
764 2211 953 2243 constant
986 2203 1056 2243 vel
1090 2209 1374 2241 exstruuntur.
1389 2201 1429 2223 ⁷0
1457 2223 1515 2231 --

164 2349 220 2394 69.
261 2361 295 2382 v.
327 2348 481 2392 Quintil.
508 2349 539 2390 1,
565 2359 617 2382 12.
653 2348 716 2389 111,
754 2360 783 2381 1.
839 2347 953 2380 Laert.
988 2347 1036 2389 ΙΙ,
1075 2346 1150 2379 104.
1187 2354 1221 2378 et
1252 2345 1391 2378 Ernesti
1425 2346 1515 2381 clav.

119 2415 155 2440 ct
200 2418 253 2441 11.
286 2406 346 2446 lv,
380 2416 414 2438 2.
456 2405 574 2439 Strab.
621 2405 717 2438 XIII.
749 2418 785 2449 p.
843 2404 919 2439 Cic.

119 2463 198 2498 625.
231 2462 324 2496 XVI.
361 2475 396 2507 p.
431 2463 509 2508 759.
535 2463 678 2496 Sueton.
703 2463 785 2495 Tib.
891 2475 946 2505 70.
992 2461 1046 2494 De
1091 2460 1304 2509 belneorum
1340 2460 1513 2502 magnifi-

120 2524 152 2554 ό.
188 2518 242 2565 57.
298 2520 446 2553 Lucian.
489 2522 527 2553 in
559 2521 717 2553 Macrob.
753 2528 787 2552 et
844 2522 956 2554 centia
976 2527 1058 2552 sunt
1077 2520 1156 2550 loca
1179 2519 1277 2551 class.
1301 2515 1426 2550 Senec.
1445 2517 1516 2560 Ep.

117 2577 366 2620 Langbaenius
411 2578 454 2610 ad
493 2578 647 2620 Longin.
687 2590 716 2610 c.
752 2577 785 2618 5,
842 2579 897 2613 51.
934 2586 967 2610 et
991 2575 1048 2610 86.
1094 2576 1188 2608 Plin.
1212 2574 1278 2618 Ep.
1304 2571 1361 2614 11,
1389 2573 1516 2618 17.·V‚

120 2636 175 2668 14.
231 2635 313 2666 Fuit
341 2643 376 2666 et
402 2635 557 2678 sophista
579 2634 787 2667 Theodorus
843 2637 876 2670 6.
932 2636 1065 2668 Viti-nv.
1108 2631 1150 2671 V,
1204 2642 1256 2664 10.
1316 2629 1514 2662 Montfaue.

117 2692 327 2736 Byzantius,
352 2693 413 2735 qui
432 2692 583 2725 Socratis
611 2693 789 2734 tempori-
843 2694 964 2734 Antiq.
1000 2692 1042 2723 T.
1082 2692 1151 2724 111.
1199 2687 1321 2720 Maffei
1356 2685 1513 2719 collect.

118 2750 187 2784 bus
226 2751 323 2783 vixit.
376 2761 409 2783 v-
449 2750 604 2794 Quintil.
646 2750 710 2793 111,
759 2761 790 2783 1.
846 2750 1022 2791 Statuam,
1047 2748 1168 2781 Thess.
1194 2745 1350 2781 Gronov.
1376 2743 1420 2777 T.
1446 2739 1519 2777 lx.-
