1686 3089
202 152 288 210 590
592 150 1184 195 COMMENTARIVS

201 269 389 313 lissimas,
411 268 466 314 ‘si'
481 267 651 306 libidine
678 267 966 317 corripiantur,
995 273 1223 320 temperare
1249 270 1326 310 sibi
1347 286 1431 310 non
1451 287 1583 325 posse,

200 339 326 391 quin,
367 337 524 387 generis
547 342 587 374 et
612 336 693 373 loci
720 335 1000 381 immemores,
1047 336 1197 375 samam
1224 351 1269 373 ae
1303 353 1447 378 numos
1479 341 1586 378 abii-

200 405 350 445 ciant.“
403 403 512 442 Huic
534 409 669 440 tamen
694 400 866 438 oonsilio
898 415 980 439 non
1002 409 1202 453 repugnat
1230 407 1448 455 oppositio,
1480 421 1583 459 quae

199 473 424 527 probabilis
452 484 612 523 quoque
647 468 694 505 fit
721 481 790 505 ex·
809 481 917 506 voce.
942 471 1044 513 sitve,
1075 472 1173 507 sire.
1243 471 1430 511 Fortasse
1457 475 1582 514 etiam

198 555 281 581 non
304 541 498 586 deerunt,
527 537 595 589 qui
617 549 772 573 amores
797 536 933 586 legere
966 536 1119 581 malint.
1174 536 1238 575 Cs.
1264 539 1362 577 Var.
1383 540 1499 578 Lect.

311 610 404 648 324.
443 605 525 642 Sed
555 611 664 642 casto
691 602 793 656 qaid
818 604 964 654 forma
993 604 1136 654 pulcra
1164 606 1311 642 nocet?
1373 606 1580 657 Obiectio,

197 691 319 731 quam
353 673 509 713 refellit
539 678 662 722 poeta
683 670 883 721 exemplis
908 672 1138 721 Ilc'ppolyli
1168 678 1209 708 et
1233 673 1582 724 Bellerophontis,

198 757 376 798 quorum
412 741 570 778 castitas
599 739 667 776 vel
698 738 742 778 in
774 738 1042 788 proverbium
1081 739 1197 775 venit
1236 753 1416 792 quosque
1449 755 1582 793 grave

193 812 456 866 propositum
487 813 618 844 castae
643 806 753 843 vitae
776 805 843 841 vel
865 805 1059 843 castitatis
1082 806 1303 843 servandae
1325 821 1406 845 non
1429 822 1452 845 a
1471 809 1584 860 peri-

196 881 298 918 culis
320 884 428 915 tutos
452 872 685 925 praestitit,
712 871 783 909 sed
804 872 844 909 in
869 886 915 909 ea
934 873 1072 924 potius
1096 873 1283 911 coniecit.
1344 875 1460 924 Quid
1477 889 1584 926 pro-

186 950 284 1001 fuit
318 948 461 985 immo,
490 941 628 992 potius
649 938 773 990 (Gall.
805 954 862 976 αιι
889 941 1113 985 contraire)
1144 938 1228 988 his,
1270 941 1433 978 libidini
1464 943 1581 980 ince-

196 1022 341 1066 stoque
373 1010 502 1048 amori
537 1008 756 1046 mulierum
786 1008 987 1047 restitisse
1029 1012 1070 1043 et
1111 1008 1335 1045 castitatem
1370 1008 1583 1048 servasse?

194 1081 481 1132 Hippolytae,
534 1075 686 1113 Thesei
724 1074 833 1112 filius
875 1073 1169 1124 pulcerrimus‚
1230 1075 1300 1125 qui
1335 1089 1357 1112 a
1397 1075 1582 1113 Phaedra

193 1160 394 1194 noverea,
419 1145 533 1182 cuius
555 1146 712 1181 incesto
738 1142 869 1179 amori
892 1155 974 1179 non
1000 1142 1318 1193 obsequebatur,
1347 1143 1449 1181 salso
1474 1143 1583 1195 apud

192 1223 351 1269 patrem
383 1214 515 1263 stupri
545 1210 801 1248 insimulatus
832 1215 896 1252 et,
953 1223 1080 1260 quum
1112 1208 1233 1247 huius
1266 1211 1368 1248 iram
1404 1211 1579 1261 sugeret,

191 1286 243 1322 ab
277 1282 391 1334 equis
401 1308 414 1325 ,
465 1292 564 1330 quos
590 1278 831 1329 Neptunus,
880 1276 1032 1315 Thesei
1062 1278 1252 1328 precibus
1285 1278 1335 1315 ad
1356 1278 1581 1317 vindictam

192 1355 463 1404 provocatuS,
517 1352 872 1394 consternaverat,
922 1358 1048 1382 curru
1093 1344 1276 1382 deiectus
1316 1351 1578 1398 raptatusque

190 1419 341 1457 misere
375 1414 509 1467 periit.
564 1427 602 1451 v.
644 1413 766 1451 Ovid.
802 1414 902 1450 Her.
940 1413 1014 1450 IV.
1052 1418 1093 1449 et
1133 1412 1233 1450 Met.
1273 1413 1368 1458 XV,
1392 1415 1466 1466 491
1494 1428 1575 1466 seq.

190 1485 336 1534 Eurip.
376 1487 417 1518 et
451 1481 591 1517 Senec.
628 1480 672 1517 in
696 1480 865 1530 Hippol.
892 1479 1043 1516 Athen.
1069 1479 1189 1527 XIII,
1219 1482 1256 1517 8.
1287 1479 1393 1531 (74.)
1425 1495 1462 1532 p.
1486 1481 1577 1519 600.

191 1550 363 1604 Mythos
396 1548 446 1585 de
470 1547 700 1597 Hippolyto
730 1549 902 1597 exponit
931 1546 992 1587 Ill.
1020 1544 1200 1582 Creuzer
1224 1547 1437 1597 Symbolik
1455 1549 1502 1585 T.
1523 1548 1576 1585 II.

190 1635 230 1674 p.
263 1620 356 1666 357.
384 1617 477 1666 489.
528 1615 576 1651 T.
601 1614 672 1651 IV.
709 1627 748 1664 p.
790 1612 864 1649 165
888 1626 968 1663 seq.
1010 1613 1286 1663 Bellerophon
1327 1629 1358 1651 s.
1388 1615 1576 1658 Bellero-

190 1688 366 1741 phontes
394 1682 504 1720 filius
530 1681 677 1718 Glauci
709 1686 752 1717 et
781 1678 966 1730 Sisyphi,
997 1678 1310 1719 Corinthiorum
1343 1684 1468 1733 regis,
1497 1696 1574 1721 ne-

189 1769 283 1808 pos,
315 1753 408 1805 qui,
454 1762 579 1801 quum
604 1761 626 1785 a
649 1747 821 1794 Proeto,
868 1747 1119 1797 Argivorum
1143 1762 1259 1799 rege,
1298 1749 1474 1802 hospitio
1498 1765 1576 1790 ex·-

189 1828 334 1873 ceptus
364 1825 405 1856 et
438 1818 486 1856 ab
524 1817 611 1854 eius
646 1829 780 1852 uxore
817 1815 1069 1852 Stheneboea
1111 1815 1162 1853 ad
1196 1816 1440 1856 adulterium
1481 1819 1573 1870 pel-

187 1891 320 1929 lectus
350 1892 478 1933 esset,
507 1889 678 1936 propter
698 1883 903 1934 repulsam
929 1883 984 1920 ab
1005 1895 1050 1919 ea
1074 1884 1205 1934 stupri
1234 1885 1341 1936 apud
1376 1886 1571 1925 maritum

187 1963 397 1996 accusatus
421 1959 463 1991 et
482 1952 533 1990 ad
554 1952 725 1990 Iobaten
752 1963 937 1987 socerum
962 1951 1106 1988 missus
1134 1957 1214 1998 est,
1267 1958 1314 1988 ut
1346 1953 1394 1989 ab
1430 1966 1477 1990 eo
1501 1953 1572 1991 in-

185 2025 457 2065 terficeretur.
534 2020 601 2058 De
625 2019 689 2056 his
716 2023 758 2056 et
785 2018 955 2070 reliquis
989 2020 1075 2057 eius
1110 2019 1207 2056 satis
1248 2033 1285 2057 v.
1312 2020 1432 2057 Hom.
1464 2019 1510 2058 ll.
1539 2022 1570 2069 ζ,

192 2095 269 2134 152
285 2106 365 2143 seq.
402 2090 550 2140 Heyne
570 2087 620 2125 ad
638 2085 824 2139 Apollod.
846 2086 898 2134 Il,
912 2087 948 2133 3,
970 2098 1002 2123 1.
1034 2093 1074 2124 et
1098 2086 1326 2125 Mitscherl.
1349 2086 1399 2124 ad
1424 2088 1568 2128 Horat.

188 2160 268 2199 Od.
304 2159 379 2206 III,
420 2169 480 2208 17,
518 2157 564 2194 13
592 2169 674 2208 seq.
740 2153 861 2192 Conf.
898 2152 1106 2192 Creuzer’s
1153 2154 1365 2204 Symbolik
1410 2155 1458 2192 Τ.
1493 2156 1566 2194 IV.

187 2243 225 2281 p.
251 2228 317 2265 62.
346 2247 401 2255 —-
487 2225 580 2273 327.
611 2222 885 2266 Stheneboea,
935 2235 1036 2273 quae
1069 2217 1241 2261 ’Ἀυτεια
1274 2221 1425 2260 dicitur
1445 2223 1568 2261 Hom.

187 2297 235 2334 Il.
262 2296 294 2344 ζ,
329 2293 417 2332 160.
461 2298 502 2330 et
529 2292 596 2330 vel
619 2291 784 2328 Iobatae
812 2289 881 2327 vel
908 2287 1213 2340 Amphianactis
1247 2289 1327 2328 filia
1353 2289 1446 2327 suit.
1504 2289 1569 2329 Cf.

187 2365 285 2401 Var.
322 2362 439 2399 Lect.
473 2366 512 2397 et
543 2359 699 2409 -Heyne
745 2357 794 2394 ad
823 2356 1013 2408 Apollod.
1047 2356 1100 2405 II,
1128 2369 1168 2399 2,
1207 2370 1238 2395 1.
1274 2363 1316 2395 et
1344 2358 1418 2405 ΙΙΙ,
1456 2371 1492 2409 9,
1532 2371 1567 2397 1.

188 2431 331 2468 Cressa
364 2427 570 2476 Phaedra,
622 2425 776 2464 Minois
808 2425 913 2474 regis
951 2423 1156 2462 Cretensis
1186 2424 1280 2462 filia.
1350 2424 1435 2462 Cur
1467 2438 1568 2463 vero

186 2498 328 2535 Cressa
351 2495 391 2534 h.
413 2496 439 2533 l.
469 2494 640 2543 dicitur,
687 2507 762 2531 nec
789 2493 922 2544 potius
946 2492 1116 2544 proprio
1143 2493 1310 2531 nomine
1333 2492 1530 2530 Phaedra
1546 2493 1567 2530 j)

185 2564 336 2602 Nonne
363 2577 416 2600 ex
446 2562 520 2600 hac
553 2575 735 2614 quoque,
785 2566 832 2597 ut
865 2574 918 2599 ex
953 2561 1040 2598 aliis
1072 2560 1224 2608 causis,
1274 2559 1484 2611 probabile
1505 2558 1563 2608 fit,

183 2629 392 2669 Phaedrae
413 2630 492 2667 iam
515 2636 632 2669 antea
661 2629 910 2667 mentionem
938 2628 1083 2667 saetam
1113 2634 1156 2666 et
1174 2642 1196 2666 a
1220 2628 1394 2666 librariis
1418 2627 1563 2665 lectio—-

182 2711 278 2736 nem
318 2697 490 2739 v.1526.
532 2703 763 2749 corruptam
805 2696 922 2733 esse?
993 2695 1076 2735 vid.
1112 2696 1172 2735 ibi
1216 2697 1312 2736 Var.
1351 2695 1468 2737 Lect.
1503 2713 1560 2723 —
