1686 3089
498 166 576 209 IN
620 165 858 208 IVVEN.
896 164 1038 207 sAT.
1081 168 1154 209 VI.
1438 169 1524 227 579

131 286 265 337 causa,
295 299 342 330 ut
361 293 568 332 curricula
593 294 678 332 scil.
713 294 898 344 bigarum
933 293 1300 346 quadrigarumque
1329 309 1523 335 numera-

132 368 303 409 rentur,
339 362 564 413 eodemque
594 367 780 413 tempore
813 362 989 414 appositi
1020 362 1201 411 suerint,
1246 362 1356 401 haud
1377 365 1520 416 liquet,

130 439 264 479 neque
299 430 499 468 satisfacit
533 431 651 469 nobis
681 430 916 468 coniectura
947 429 1154 476 Ferrarii,
1195 430 1265 481 qui
1301 430 1430 470 Elect.
1465 433 1520 482 ΙΙ,

138 496 200 534 15.
241 495 342 534 haec
374 497 424 536 (le
461 512 508 536 ca
547 512 594 536 re
635 497 883 548 disputavit:
940 497 1123 547 „Quum
1165 503 1340 549 quatuor
1386 506 1523 539 essent

130 560 244 601 Circi
281 565 504 609 sactiones,
557 560 585 602 a'
612 566 777 603 tunicae
816 565 1023 603 coloribus
1061 564 1299 613 distinctae,
1342 567 1518 612 Veneta,

128 631 334 677 Pras-ina,
365 633 477 670 Alba
506 638 547 669 et
567 634 777 678 Ηιιεεατας
806 630 865 680 (v.
890 632 940 670 ad
966 632 1060 680 VII,
1093 633 1218 680 114.)
1248 632 1350 670 duae
1384 639 1522 673 tamen

124 700 369 750 praecipuae
389 706 430 737 et
449 700 717 751 scriptoribus
741 700 921 737 celebres
949 701 1110 738 Veneta
1129 706 1170 737 et
1182 702 1371 738 prasina
1386 718 1398 739 .·
1426 715 1523 740 nam

129 766 258 804 altera
281 768 488 815 Venetae,
524 768 653 805 altera
692 767 892 805 Prasinae
927 766 1183 809 adhaerebat.
1250 766 1307 805 Et
1340 768 1524 807 Venetae

131 834 297 885 quidem
320 849 490 886 pannus,
518 835 544 871 i.
567 849 600 871 e.
616 834 767 881 >tunica
790 834 987 882 caerulea,
1015 848 1038 871 a
1062 835 1200 872 colore
1222 836 1365 885 maris3
1406 838 1524 874 Pra-

127 903 248 939 sinae
268 902 446 940 viridisa
456 914 654 953 porraceo
668 901 818 948 colore,
846 901 1091 939 siveaterra
1115 902 1333 940 viridante.
1381 903 1524 953 Quum

128 982 226 1020 ergo
249 969 353 1008 duae
375 970 470 1007 illae
496 968 696 1006 factiones
716 968 761 1005 in
786 966 907 1006 Circo
933 974 1163 1013 certarent,
1193 976 1240 1007 ut
1265 970 1523 1021 intelligere—

126 1042 218 1085 tur,
260 1050 458 1090 quaenam
494 1036 609 1088 prius
643 1041 796 1073 metam
822 1036 973 1086 septies
994 1036 1199 1085 flecteret,
1237 1050 1407 1076 necesse
1428 1038 1524 1088 fuit,

125 1105 341 1156 utriusque
371 1103 564 1141 factionis
603 1102 809 1141 curricula
849 1109 892 1140 et
925 1105 1055 1154 spatia
1089 1104 1274 1142 denotari
1294 1118 1340 1143 ac
1372 1119 1525 1144 nume-

124 1172 222 1209 rari.
290 1170 511 1224 Quumque
546 1172 727 1210 Venetae
779 1171 971 1208 factionis
1016 1171 1233 1222 agitatores
1282 1178 1427 1212 essent*
1460 1174 1526 1213 rei

126 1239 355 1278 maritimae
381 1238 574 1286 studiosi,
601 1238 795 1276 Prasinae
820 1244 957 1277 autem
991 1239 1174 1291 reliquus
1212 1240 1388 1291 populus
1418 1255 1522 1279 con-

125 1306 297 1344 tinentis
323 1306 468 1354 incola,
496 1311 544 1343 ut
557 1305 770 1356 agricolae,
800 1312 1069 1355 mercatores,
1100 1313 1142 1345 et
1161 1307 1333 1359 reliqui:
1366 1308 1523 1349 factmn

124 1373 222 1412 inde
255 1380 336 1421 est,
381 1380 428 1411 ut
463 1374 645 1412 Venetae
684 1374 947 1424 aurigationis
976 1379 1075 1411 nota
1108 1381 1150 1412 et
1194 1375 1354 1425 insigne
1399 1383 1522 1429 atque

126 1441 255 1479 index
278 1441 452 1492 delphin
476 1446 605 1488 esset,
630 1442 842 1478 Prasinae
865 1446 1001 1478 autem
1037 1441 1063 1478 i.
1089 1455 1122 1478 6.
1156 1443 1366 1480 terrestris
1396 1445 1522 1483 studii

126 1521 248 1545 ovum
275 1522 305 1545 s.
330 1509 462 1558 lignea
485 1507 612 1546 ovalis
645 1506 842 1544 machina.
900 1506 1040 1555 Quare
1064 1522 1190 1559 quum
1215 1509 1373 1547 Romae
1398 1511 1520 1563 longe

124 1576 256 1613 maior
281 1589 478 1614 numerus
505 1580 611 1613 esset
632 1574 796 1626 populi,
822 1588 843 1611 a
863 1587 909 1611 re
929 1575 1133 1615 maritima
1151 1576 1296 1626 alieni,
1326 1580 1519 1619 Prasino:

127 1642 253 1682 factio
290 1643 560 1695 Praevalebat.
634 1640 758 1679 Unde
805 1641 950 1684 Iuven,
1001 1643 1080 1681 Sat.
1133 1643 1210 1692 XI,
1259 1646 1347 1697 196.
1392 1653 1525 1688 totam

127 1709 302 1749 Romam
316 1724 458 1761 magua
483 1709 789 1761 exspectatione
810 1709 938 1747 fuisse
960 1710 1005 1748 in
1028 1720 1176 1749 erentn
1200 1713 1354 1753 viridis
1360 1717 1517 1765 panni,

130 1789 280 1829 nempe
313 1778 364 1816 ob
400 1778 619 1816 victoriam
649 1776 939 1825 Prasinorum3
976 1777 1135 1816 etiamsi
1165 1781 1418 1819 contrarium
1445 1782 1523 1820 ali-

130 1844 292 1896 quando
315 1844 592 1895 imperitantis
620 1842 802 1882 studium
837 1850 953 1882 esset.
1021 1843 1091 1882 Ex
1126 1859 1174 1882 eo
1210 1848 1333 1885 etiam
1367 1849 1525 1888 sactum

128 1913 337 1964 suspicor,
366 1917 414 1949 ut
439 1911 482 1949 in
502 1912 704 1962 argenteis
726 1911 862 1948 numis
882 1911 1001 1950 Rom.
1034 1912 1284 1952 familiarum
1315 1916 1389 1954 sub
1419 1917 1524 1967 bigis

131 1987 176 2017 et
199 1979 405 2032 quadrigis
430 1979 554 2016 modo
579 1978 736 2016 tridens
751 2005 763 2021 ,
792 1978 913 2017 modo
934 1980 1045 2031 spica
1066 1981 1360 2031 conspiciatur,
1386 1984 1523 2022 utillo

135 2047 396 2085 'Venetorum
420 2045 617 2093 victoria,
641 2044 716 2082 hac
737 2045 1003 2085 Prasinorum
1027 2047 1319 2088 indicaretur.“
1345 2071 1400 2082 —-
1430 2052 1524 2104 591.

131 2127 347 2164 caupone,
375 2112 516 2164 priore
537 2113 707 2157 marim,
732 2114 898 2162 relicto,
929 2113 1104 2153 deserto.

244 2181 323 2231 592
348 2200 404 2208 —-
427 2180 521 2231 597.
596 2181 696 2217 Hae
750 2180 942 2219 mulieres
981 2182 1168 2234 plebeiae
1214 2197 1260 2222 ac
1299 2198 1516 2236 pauperes,

134 2249 318 2301 quamvis
341 2247 652 2299 superstitiosae
685 2254 783 2286 sunt
810 2255 852 2286 et
880 2249 932 2287 de
966 2250 1160 2289 nubendo
1195 2250 1376 2290 hariolos
1417 2267 1522 2292 con-

135 2316 299 2362 sulunt,
339 2323 478 2353 tamen
526 2316 785 2367 concipiunt,
832 2318 999 2369 pariunt
1049 2324 1091 2356 et
1143 2318 1277 2357 editos
1325 2320 1520 2367 infantes,

133 2397 218 2421 non
247 2383 334 2419 sine
372 2383 511 2421 multis
546 2384 782 2435 magnisque
817 2384 1049 2431 laboribus,
1079 2387 1189 2437 ipsae
1211 2387 1325 2425 alunt
1335 2401 1345 2435 ς
1375 2387 1452 2436 (cs.
1473 2388 1525 2429 ad

136 2464 177 2488 v.
214 2451 272 2501 9.)
307 2451 465 2489 nobiles
494 2464 595 2489 vero
622 2465 668 2489 ac
699 2452 848 2491 divites
877 2453 1054 2492 feminae
1088 2459 1159 2491 aut
1195 2467 1279 2492 non
1304 2455 1525 2507 concipere

137 2518 296 2567 solent,
322 2524 392 2556 aut
412 2524 525 2557 certe
545 2532 629 2557 non
648 2532 814 2571 parere,
837 2519 911 2559 sed
932 2526 1179 2572 conceptum
1203 2528 1368 2574 partum
1388 2522 1523 2561 medi-

137 2586 334 2623 camentis
367 2587 413 2624 in
435 2592 555 2624 utero
575 2587 839 2641 exstinguere
860 2594 903 2626 et
923 2588 1105 2639 abigere,
1130 2595 1179 2626 ut
1204 2594 1247 2627 et
1260 2597 1415 2640 partus
1433 2589 1526 2628 dis-

139 2655 323 2698 crimen,
355 2655 584 2705 perieulum
605 2654 737 2703 vitae,
765 2654 876 2708 quod
894 2655 1097 2708 parientes
1127 2656 1326 2706 subeunt,
1368 2662 1413 2695 et
1443 2671 1526 2695 mo·

140 2722 260 2759 tricis
279 2721 438 2762 labores
465 2723 534 2764 vel
547 2722 799 2763 educationis
812 2722 1069 2777 incommoda
1091 2722 1296 2781 effugiant.
1347 2725 1528 2778 fortuna
1577 2734 1579 2737 ’
