1686 3089
195 163 275 207 140
591 163 1166 208 COMMENTARIVS

189 282 299 330 opes,
315 279 541 318 facultates.
570 279 686 328 Doti‚’
714 286 795 319 vet.
820 279 953 319 Schol.
981 283 1037 319 At
1060 281 1216 328 melius,
1244 281 1352 333 quod
1374 282 1483 320 Galli
1496 281 1575 322 fiis

187 354 284 384 cunt
307 349 344 384 le
363 357 596 395 trous-seam,
633 348 743 401 quod
771 362 898 400 aeque
926 354 1076 399 nuptae
1109 354 1149 386 et
1170 361 1336 400 sponsae
1356 344 1570 397 conireniu

185 413 288 453 Ach.

311 514 399 553 162.
435 516 486 553 In
514 516 686 553 consilio
733 528 814 552 esse
850 514 917 552 vel
948 514 1088 552 adesse
1138 514 1352 563 dicuntur,
1403 521 1445 552 et
1475 515 1572 553 inde

185 583 403 619 consiliam.
427 596 587 634 quoque
609 588 810 620 vocantur
834 581 1010 629 iudices,
1062 596 1278 620 assessores
1304 583 1573 632 magistratus,

180 648 252 701 *qui
273 649 434 699 privato
460 650 526 686 vel
549 650 712 700 publico
733 648 885 686 iudicio
917 656 1075 700 praeest
1110 664 1257 702 eosque
1290 651 1332 687 in
1358 649 1573 688 consilium

184 714 373 764 advocat,
416 716 592 754 adhibet.
703 715 922 752 Aedilibus
933 743 946 760 ,
985 716 1051 753 vel
1069 716 1217 753 infimis
1248 717 1449 754 iudicibus
1485 729 1572 752 ma-

182 781 478 832 gistratibusve.
535 783 701 820 Aediles
724 782 848 820 fuisse
880 788 1044 834 praeter
1066 783 1276 832 Cereales,
1314 800 1335 821 a
1365 784 1450 834 Iul,
1468 782 1572 820 Cae—

176 862 269 905 sare
300 850 530 898 institmos,
581 849 741 886 curules
778 856 818 886 et
852 850 1051 900 plebeios,
1099 851 1167 888 vel
1203 850 1406 888 tironibus
1428 856 1571 887 notum

182 922 266 953 est:
310 916 379 953 sed
405 931 504 967 quae
540 915 603 952 his
623 916 786 966 illisque
817 917 984 967 propria
1016 917 1176 955 suerint
1207 931 1396 965 munera,
1437 917 1571 954 minus

179 989 338 1021 constat
379 1005 433 1012 —
480 983 565 1020 165.
593 983 740 1020 Gravis
766 983 990 1020 sententia:
1041 993 1179 1022 tenues
1217 985 1424 1034 Quirites,
1466 997 1571 1034 pau-

174 1064 294 1104 peres
318 1051 515 1097 Romani,
554 1051 677 1094 olim,
721 1063 846 1101 quum
884 1063 975 1086 aere
1013 1051 1147 1088 :lieno
1173 1052 1309 1088 obruti
1335 1058 1373 1088 et
1396 1066 1417 1088 a
1437 1051 1571 1102 patri-

177 1119 250 1155 ciis
275 1119 411 1156 vexati
438 1119 479 1155 in
502 1118 671 1155 Sacrum
697 1123 877 1154 montem
916 1117 1196 1165 secessissent,
1249 1115 1379 1169 (quod
1403 1118 1570 1155 notissi-

177 1200 288 1223 mum
323 1200 344 1222 e
367 1186 461 1222 Liv.
484 1185 537 1232 II,
561 1186 625 1222 32.
651 1186 715 1222 33.
754 1184 830 1231 III,
865 1185 917 1222 50
934 1206 978 1210 -
998 1185 1081 1229 52.)
1142 1186 1365 1222 debuerant
1401 1187 1568 1236 agmine

164 1254 317 1304 fileto,
367 1267 506 1290 omues
539 1253 682 1299 simul,
722 1251 793 1297 (cs.
817 1250 865 1287 ad
903 1251 956 1297 X,
994 1248 1105 1301 218.)
1164 1254 1391 1301 migrasse,
1442 1266 1566 1303 pror-

174 1334 241 1358 sus
267 1320 491 1358 deseruisse
518 1318 700 1362 Urbem,
744 1331 876 1369 neque
898 1331 1088 1369 umquam
1112 1317 1302 1366 rediisse,
1330 1320 1424 1369 quia
1443 1320 1566 1355 exin-

175 1387 225 1425 de
263 1401 422 1438 semper
455 1391 664 1423 contemtu
709 1385 947 1421 laborarunt
997 1391 1117 1436 atquc·
1158 1386 1338 1435 oppressi
1370 1391 1476 1425 sunt.
1511 1408 1566 1416 —-

179 1455 267 1492 164.
296 1453 581 1504 chcuclsacile
602 1452 721 1488 ullibi
757 1461 966 1502 emergunt
988 1452 1101 1503 quasi
1147 1465 1199 1488 ex
1218 1452 1432 1500 fluctibus,
1473 1453 1565 1504 qui-

169 1521 245 1560 bus
270 1522 518 1566 obruuntur,
557 1519 621 1555 vel
644 1532 695 1555 ex
718 1518 804 1554 luto
825 1518 1015 1565 vilitatis,
1067 1521 1131 1564 (ut
1171 1516 1414 1566 ἐξαναδῦναι
1462 1518 1501 1556 h.
1530 1533 1563 1556 c.

172 1603 226 1627 ex
267 1589 405 1639 inopia
447 1592 488 1623 et
527 1584 782 1632 humilitate,
832 1591 952 1636 atque
997 1584 1046 1622 ad
1091 1583 1268 1622 honores
1311 1585 1563 1623 adscendunt

169 1669 394 1708 pauperes,
435 1667 606 1705 quorum
637 1652 858 1689 virtutihus
881 1653 1013 1689 obstat
1042 1666 1104 1689 res
1132 1652 1342 1690 familiaris
1367 1663 1560 1704 angusta,

171 1723 339 1772 exigua,
380 1720 535 1768 tenuis3
580 1725 626 1756 ut
647 1733 706 1769 ap.
733 1719 898 1756 Lucret.
923 1720 976 1766 II,
1008 1720 1067 1757 13.
1094 1720 1153 1756 ad
1178 1734 1357 1757 summas
1381 1735 1559 1771 emerge—

169 1805 211 1828 re
245 1802 340 1840 opes
373 1794 415 1824 et
441 1802 502 1838 ap.
538 1787 610 1826 Sil.
647 1786 768 1829 XIII,
803 1787 894 1836 773.
923 1788 1062 1837 Pigra
1095 1787 1241 1823 extulit
1279 1790 1408 1824 arctis
1444 1787 1562 1824 hami

168 1869 363 1908 umquam
383 1857 633 1906 sese-virtus.
767 1854 854 1891 165.
883 1852 970 1891 166.
1005 1854 1160 1890 Romae
1197 1855 1359 1901 dat-ior,
1410 1854 1557 1891 diflici-

166 1926 268 1973 lior,
312 1936 431 1976 quam
457 1921 576 1968 alibi,
615 1929 786 1959 conatus
818 1919 1077 1971 emergendi,
1128 1921 1200 1958 ubi
1237 1922 1374 1959 omnia
1405 1936 1557 1974 magno

165 1992 300 2044 pretio
340 1994 535 2027 constant.

285 2091 426 2139 167—-
444 2089 532 2140 196.
561 2088 714 2126 Similis
756 2088 958 2125 sententia
1004 2088 1280 2140 orationisque
1327 2089 1441 2127 color
1496 2096 1558 2127 est

164 2161 239 2200 ins.
267 2158 388 2205 XIII,
422 2156 564 2209 162—
585 2156 674 2203 175.
707 2155 775 2206 qui
810 2155 922 2192 locus
954 2162 1014 2192 est
1052 2156 1338 2195 conserendus.
1366 2179 1420 2186 —
1464 2156 1552 2194 168.

163 2227 388 2267 Fictilibus
416 2223 523 2261 vasis
548 2236 718 2260 coenare
735 2223 866 2272 pudet
889 2221 1011 2259 hodie
1030 2223 1255 2270 Romanos,
1296 2224 1365 2274 qui
1392 2223 1441 2260 ad
1458 2224 1551 2260 Ma-

165 2295 360 2333 cedonica
391 2303 521 2342 usque
556 2296 739 2340 tempora
767 2289 816 2326 iis
850 2290 913 2327 usi
946 2295 1082 2337 erant3
1132 2290 1180 2327 de
1214 2304 1293 2342 quo
1330 2304 1367 2327 v.
1400 2289 1552 2329 Athen.

162 2364 236 2410 VI,
262 2364 299 2400 5.
321 2360 426 2409 (15.)
449 2372 487 2409 p.
513 2369 606 2407 229.
721 2357 831 2408 quod
846 2365 964 2407 turpe
987 2370 1073 2394 esse
1105 2360 1295 2408 negavit,
1346 2356 1386 2395 h.
1418 2371 1451 2394 e.
1473 2371 1549 2395 ne-

163 2444 257 2481 gare
280 2427 404 2473 solet,
445 2418 708 2476 (οἷορίστως)
746 2423 830 2460 scil.
862 2423 1028 2473 videns,
1068 2423 1166 2461 haec
1199 2425 1361 2476 ingenio
1399 2424 1549 2463 horum

159 2496 373 2534 hominum
405 2505 646 2543 morumque
681 2490 933 2541 simplicitati
964 2498 1230 2530 consentanea
1260 2506 1356 2530 esse.
1424 2492 1544 2529 Non-

160 2563 269 2602 nulli
288 2561 412 2607 verba
433 2559 532 2597 haec
556 2559 606 2596 ad
627 2559 672 2596 P.
698 2557 935 2596 Cornelium
955 2559 1187 2610 Scipionem
1202 2589 1211 2607 ,
1258 2560 1443 2611 plerique
1470 2572 1545 2596 ve—

158 2645 206 2669 ro
233 2629 283 2667 ad
306 2627 478 2665 Curium
499 2627 726 2663 Dentatum
751 2624 824 2670 (cs.
849 2625 900 2663 ad
918 2626 972 2674 II,
994 2627 1053 2673 3.)
1082 2627 1293 2665 referunt:
1325 2626 1396 2664 sed
1422 2639 1545 2676 prae-

160 2703 242 2736 stat
263 2710 309 2734 ea
331 2695 522 2732 universe
543 2693 651 2731 dicta
671 2692 867 2744 accipere.
956 2693 1044 2746 169.
1071 2693 1134 2734 Cf.
1162 2694 1210 2733 ad
1230 2695 1349 2743 XIV,
1377 2697 1464 2733 180.
1488 2714 1544 2723 —
