1686 3089
178 183 257 228 126
450 158 452 160 ’
572 177 1165 224 COMMENTARIVS

172 298 249 337 ins.
273 297 318 335 in
339 297 441 335 mari
465 296 608 334 Ieario.
707 295 863 333 Tralles
897 293 1091 346 oppidum
1112 290 1263 340 Ioniae3
1293 290 1392 343 (sec.
1424 292 1563 332 Strab.'

174 379 214 418 p.
239 361 348 416 648.)
389 364 457 401 vel
477 362 631 410 Cariae,
659 359 759 411 (see.
789 362 893 399 Plin.
919 361 969 408 V,
994 372 1060 411 29.
1081 365 1122 397 et
1140 357 1270 411 Ptol.)
1297 361 1365 397 vel
1387 359 1560 418 Lydiae,

174 433 226 472 de
263 447 342 486 quo
371 445 409 469 v.
442 430 687 480 WVesseling.
728 428 779 465 ad
811 427 994 465 Hierocl.
1027 441 1066 478 p.
1101 428 1207 478 659.r
1319 426 1562 473 Alabanda,

174 501 274 539 urbs
296 499 437 537 Cariae
458 496 676 545 ditissima,
717 496 830 533 cuius
858 496 966 532 cives
989 495 1156 534 luxuria
1179 493 1426 532 diffluebant.
1446 490 1483 525 ¹5⁵
1503 513 1577 527 —.

177 581 243 618 71.
271 567 489 619 Esquiliae
512 578 627 601 mons
649 569 690 600 et
718 562 948 600 Viminalis
971 562 1090 599 collis
1121 575 1196 613 pro
1229 567 1315 599 tota
1336 560 1451 598 Urbe
1482 573 1563 610 po-

174 641 354 682 nuntur,
397 638 438 669 et
466 631 643 683 quintam
668 629 754 666 eius
775 629 983 680 regionem
1016 629 1413 680 complectebantur,
1461 640 1563 678 quae

175 703 358 742 omnium
379 704 466 737 erat
489 696 733 748 amplissima
754 702 796 733 et
815 697 1008 733 latissime
1036 696 1215 747 patebat.
1291 696 1432 733 collem
1456 695 1565 731 ανί-

177 773 287 807 mine
308 769 486 809 dictam,
526 779 548 802 a
578 765 692 814 sylva
724 763 924 800 viminum
959 763 1026 800 vel
1062 763 1281 811 viminetis,
1310 762 1382 801 ubi
1415 767 1456 798 et
1493 773 1564 797 ara

179 836 271 875 Iovi
281 833 466 873 Viminio
481 836 732 877 consecrata3
757 830 866 868 Fest.
891 836 933 867 et
949 828 1065 867 Varr.
1089 829 1138 867 L.
1165 830 1216 867 L.
1231 829 1303 877 IV,
1330 830 1366 867 8.
1482 828 1526 866 V
1524 829 1567 864 i-

180 917 297 941 scera
312 913 559 952 magnarum
581 898 787 941 domuum,
816 897 965 934 Graeci
980 900 1147 948 ingenio
1172 903 1215 935 et
1237 898 1393 934 artibus
1415 895 1497 933 suis
1520 894 1566 932 in

177 976 336 1009 secreta
359 968 625 1017 intimamque
650 963 899 1002 familiarum
920 964 1213 1002 ditissimorum
1244 964 1577 1002 familiaritatem.

176 1053 220 1076 se
241 1037 515 1080 insinuantes,
544 1038 585 1070 et
610 1032 669 1069 ita
691 1031 851 1067 domini
861 1031 1010 1081 saturi
1032 1031 1077 1068 in
1100 1031 1266 1069 aedibus
1288 1028 1440 1078 alienis,
1464 1030 1564 1068 dum

178 1104 315 1143 omnia
349 1101 455 1138 vivis
485 1099 659 1136 dominis
683 1097 875 1148 legitimis
894 1098 1066 1135 arbitrio
1094 1111 1235 1135 eorum
1257 1099 1567 1148 permittuntur,

177 1172 247 1210 vel
287 1168 409 1214 adeo,
462 1165 526 1204 his
565 1165 760 1207 mortuis,
821 1164 912 1201 iure
951 1163 1200 1203 hereditario
1241 1165 1293 1203 iis
1327 1166 1566 1203 obveniunt.

185 1240 383 1283 Viscera,
422 1239 469 1270 ut
493 1247 619 1270 venae
645 1246 690 1269 ao
714 1232 917 1269 medullae
931 1258 943 1275 ,
985 1232 1160 1270 interior
1182 1233 1351 1270 alicuius
1372 1230 1434 1269 rei
1457 1245 1564 1283 pars.

183 1308 356 1345 Viscera
379 1301 500 1338 etiam
521 1312 641 1337 sensu
661 1299 768 1337 bono
793 1298 844 1335 de
870 1299 1112 1336 amicissimo
1137 1313 1199 1351 ap.
1224 1300 1402 1337 Marium
1416 1300 1566 1337 Victo-

179 1387 268 1411 rem
295 1371 341 1408 in
359 1366 556 1407 W'ernsd.
578 1372 687 1417 poet.
707 1366 776 1403 lat.
802 1366 898 1403 min.
927 1366 975 1403 T.
1000 1366 1076 1403 III.
1104 1380 1142 1417 p.
1174 1369 1264 1405 104.
1292 1367 1476 1404 adhiberi
1500 1366 1567 1403 di-

182 1441 239 1477 cit
272 1437 393 1474 Hein.
509 1435 731 1484 Ingenium
753 1446 893 1470 eorum
921 1439 980 1470 est
1001 1435 1129 1480 velox,
1160 1440 1346 1482 acutum,
1375 1435 1500 1472 solers
1525 1438 1568 1471 et

178 1510 417 1560 promptum
438 1500 486 1538 ad
507 1499 662 1546 omnia,
713 1512 815 1550 quae
840 1513 940 1550 opus
970 1506 1087 1548 sunt,
1125 1502 1314 1539 celeriter
1348 1502 1567 1539 invenien-

180 1573 255 1620 da3
292 1574 501 1608 utcontra
531 1568 746 1617 ingenium
776 1568 942 1604 tardam
979 1567 1142 1604 dicitur.
1203 1568 1266 1606 Cf.
1301 1568 1423 1606 Ovid.
1458 1567 1565 1605 Met.

179 1639 296 1687 VHI,
333 1638 425 1675 255.
567 1634 751 1670 audacia
790 1635 986 1683 perdisci,
1050 1631 1232 1677 οἷπάνοια
1275 1637 1316 1673 in
1357 1634 1565 1686 Theophr-

180 1706 301 1745 Char.
323 1704 398 1745 VI.
418 1701 490 1740 ubi
510 1715 548 1739 v,
570 1700 738 1737 Casaub.
766 1700 815 1737 ad
840 1701 969 1752 princ.
995 1716 1078 1754 cap.
1111 1725 1167 1734 —-
1224 1704 1286 1752 74.
1316 1703 1411 1739 Duo
1439 1703 1568 1740 exsti-

178 1777 321 1813 terunt
350 1771 486 1813 Isaei,
527 1768 863 1819 praestantissimi
893 1768 1103 1820 rhetores,
1148 1783 1252 1809 unus
1278 1769 1567 1809 Demosthenis

179 1845 441 1893 praeceptor,
484 1836 553 1887 qui
575 1834 768 1873 Chalcide
787 1835 966 1874 Athenas
989 1839 1253 1889 migraverat,
1305 1838 1362 1887 (v.
1392 1837 1566 1885 Quintil.

179 1907 279 1954 XII,
309 1918 368 1943 10.
402 1910 444 1941 et
465 1899 676 1955 Philostr.)
709 1903 812 1940 alter
829 1903 1044 1954 Assyrius,
1094 1920 1216 1958 quem
1242 1906 1384 1943 Suidas
1412 1905 1568 1942 Romae

180 1975 254 2012 sub
280 1971 492 2010 Hadriano
515 1971 692 2020 viguisse
713 1976 753 2007 et
782 1971 960 2022 plurima
997 1973 1206 2025 scripsisse
1233 1972 1380 2019 tradit,
1426 1972 1566 2008 cnius-

179 2054 258 2093 que
282 2038 517 2077 facultatem
532 2066 541 2084 ‚
579 2039 736 2089 copiam
759 2046 879 2091 atque
910 2042 1137 2079 ubertatem
1172 2041 1356 2093 pleniore
1377 2052 1448 2076 ore
1473 2039 1565 2076 lau-

182 2108 251 2145 dat
271 2106 375 2144 Plin.
398 2103 475 2155 Ep.
501 2104 554 2150 II,
578 2105 614 2142 3.
646 2106 744 2143 Vox
770 2106 885 2144 Isaeo
908 2106 947 2145 h.
971 2109 996 2145 l.
1022 2108 1163 2146 adiect.
1185 2108 1367 2160 ponitur.
1479 2115 1567 2144 tor—

180 2176 354 2220 rentior,
407 2171 669 2220 concitatior,
722 2173 913 2221 uberior,
976 2189 1126 2218 sermO,
1186 2179 1234 2211 ut
1282 2175 1340 2218 X,
1391 2188 1427 2225 9.
1477 2175 1565 2212 128.

184 2239 358 2290 Quintil.
392 2238 467 2285 III,
502 2238 537 2275 8.
583 2235 620 2290 §.
657 2238 720 2277 60.
745 2240 848 2278 Plin.
884 2242 1047 2289 XXVI,
1085 2242 1121 2280 5.
1154 2247 1194 2278 et
1216 2241 1312 2278 alibi
1341 2241 1498 2289 flumen
1520 2254 1566 2278 ao

181 2317 338 2345 torrens
360 2305 528 2342 dicendi
550 2308 672 2355 copia
697 2305 850 2345 dicitur
870 2307 1035 2346 ubertas
1057 2320 1101 2344 ac
1120 2308 1180 2345 vis
1203 2307 1356 2358 ingenii
1378 2307 1445 2344 vel
1470 2321 1566 2345 ora-

180 2374 324 2421 tionis,
378 2385 480 2424 quae
514 2373 692 2410 torrenti
732 2374 801 2413 vel
852 2375 994 2426 rapido
1025 2375 1133 2412 anmi
1171 2381 1439 2426 comparatur.
1485 2373 1571 2416 Τοῦ

182 2435 267 2482 dno*
292 2435 476 2493 γλώσσης
499 2440 660 2492 μέλιτος
686 2443 863 2492 γλυκίων
893 2443 982 2497 ῥέεν
1008 2436 1112 2492 αὐδή
1152 2441 1275 2479 Hom.
1307 2441 1356 2479 Il.
1382 2459 1430 2491 a,
1472 2443 1566 2494 249.

233 2639 334 2678 1542
362 2637 478 2670 strab.
505 2650 540 2681 p.
565 2637 642 2672 658.
662 2637 740 2672 660.
761 2637 855 2673 Plin.
916 2639 967 2673 15.
992 2651 1043 2685 ¹9·
1078 2641 1185 2674 Me'm.
1204 2640 1247 2675 de
1273 2640 1403 2673 l’Acad.
1426 2640 1486 2673 des
1504 2641 1568 2672 In-

183 2696 225 2737 V,
261 2708 315 2740 29,
354 2704 385 2728 et
412 2695 470 2727 50.
528 2696 600 2728 Cic.
634 2695 677 2729 N.
711 2695 756 2730 D.
790 2696 855 2739 Ill,
910 2690 974 2731 scs.
997 2698 1083 2732 215.
1103 2699 1141 2734 11.
1162 2700 1200 2732 L.
1214 2700 1255 2732 T.
1277 2697 1337 2732 lx.
1354 2711 1389 2742 p.
1414 2702 1475 2733 21³}
1494 2709 1569 2742 scq-
