1686 3089
469 193 547 234 IN
586 189 817 234 IVVEN.
853 187 992 229 sA‘r.
1033 187 1106 227 111.
1419 187 1496 230 242

119 323 209 355 170.
252 305 390 361 Vulgo
423 308 596 359 legitur:
639 308 795 346 Veneto
822 304 889 343 vel
918 312 1058 342 veneto
1101 301 1298 355 (coerulei
1328 306 1499 356 coloris)

112 379 298 430 duroque
320 376 550 424 (crassioris
569 375 679 422 villi,
719 373 866 420 denso,
905 372 1000 419 vili,
1033 371 1204 419 villoso)
1233 373 1415 415 cucullo,
1457 373 1498 411 h,

112 459 148 482 e.
182 443 450 482 humerorum
487 443 709 494 capitisque
741 440 942 492 tegmine,
1003 437 1202 489 (Kappe,
1250 440 1498 488 Capuolmn)

114 525 197 563 quo
217 512 351 549 imber
372 511 585 562 frigusque
607 510 820 549 arcebatur
844 513 886 545 et
910 520 990 559 quo
1011 519 1093 544 non
1126 505 1208 544 viri
1245 512 1403 544 tamum
1428 507 1499 545 sed

112 578 305 616 mulieres
329 590 509 630 quoque,
558 589 691 628 neque
720 575 829 614 servi
857 574 1015 618 solum,
1063 573 1155 621 sed,
1203 573 1313 625 quod
1344 575 1410 612 vel
1446 589 1499 613 ex

110 643 154 683 h.
192 645 219 683 l.
258 645 523 695 intelligitur,
570 644 739 694 ingenui
767 643 888 680 etiam
932 642 1173 690 utebantur,
1221 642 1325 692 inpr.
1356 647 1498 685 noctu,

112 717 304 763 vagantes
322 725 398 763 per
418 712 603 749 tabernas
628 717 669 747 et
690 710 921 761 lupanaria,
947 723 998 746 ne
1021 716 1373 759 cognoscerentur.
1434 708 1497 746 Cs.

112 778 184 827 Vl,
213 781 302 819 118.
337 780 430 817 330.
455 778 573 826 VIII,
614 779 700 815 145.
743 776 862 824 XVI,
893 777 952 814 13.
988 781 1071 813 not.
1093 776 1128 813 6.
1186 777 1344 814 Feri-ar.
1370 775 1420 813 R.
1448 777 1500 814 V.

111 847 188 895 III,
213 848 278 885 23.
303 846 377 894 IV,
402 857 468 884 20.
493 852 536 883 et
563 857 629 883 21.
661 845 792 895 intpp.
825 843 1003 881 Martial.
1034 844 1086 891 V,
1119 845 1178 892 14,
1218 844 1253 881 6.
1283 844 1337 890 X,
1371 844 1434 892 76,
1460 845 1495 882 8.

111 921 154 952 et
185 914 303 962 XIV,
340 901 428 965 139.
458 913 529 951 ubi
563 917 764 951 vocantur
792 911 948 948 cuculli
980 913 1204 949 Liburnici
1232 918 1272 949 et
1309 913 1502 950 lacernae

112 981 349 1025 callainae,
389 980 570 1018 coerulei
590 979 760 1026 coloris,
802 985 850 1015 ut
882 979 1033 1016 callais
1057 992 1237 1029 gemma,
1276 979 1326 1016 de
1362 994 1440 1031 qua
1462 994 1500 1018 v.

110 1048 216 1087 Plin.
245 1047 476 1094 XXXVII,
522 1059 582 1095 10,
614 1046 679 1084 56.
737 1046 818 1083 Sed
845 1047 1032 1083 cucullus
1064 1043 1105 1082 h.
1137 1045 1163 1082 1.
1198 1059 1343 1096 parum
1371 1053 1502 1098 aptus,

110 1115 186 1153 ubi
207 1114 257 1153 de
279 1114 415 1153 coenis
437 1120 478 1151 et
486 1113 700 1161 fictilibus
727 1113 884 1164 poculis
905 1113 1056 1163 agitur3
1096 1113 1330 1163 aptissimus
1364 1120 1502 1154 autem

111 1183 316 1227 eulullus,
370 1180 481 1232 quod
515 1181 596 1219 iam
636 1181 799 1218 monuit
838 1181 890 1217 H.
926 1180 1134 1228 Valesius,
1185 1182 1255 1232 qui
1290 1182 1503 1232 ingeniose

112 1249 348 1288 emendavit
382 1250 538 1288 Veneto
577 1248 759 1300 duroque
801 1248 967 1285 culallo.
1042 1247 1268 1286 Enimvero
1315 1250 1500 1298 culullos,

112 1317 222 1370 quod
267 1316 337 1354 ille
375 1317 566 1368 putabat,
626 1317 802 1354 Venetos
848 1314 953 1363 dici,
1008 1316 1200 1366 quoniam
1241 1317 1284 1354 in
1325 1317 1503 1355 Venetia

111 1385 329 1437 provincia
346 1383 439 1422 fieri
460 1389 503 1421 et
520 1383 616 1421 inde
639 1384 682 1421 in
703 1389 857 1420 ceteras
894 1382 1036 1420 Italiae
1063 1384 1250 1434 regiones
1285 1384 1502 1436 importari

112 1451 422 1499 consueverint,
457 1451 532 1488 vix
554 1449 811 1488 crediderim.
869 1448 1019 1486 Pocula
1042 1450 1205 1501 quidem
1228 1450 1367 1488 fictilia
1391 1465 1412 1488 a
1431 1465 1501 1489 re—

111 1519 252 1571 gione,
301 1518 373 1555 ubi
403 1517 540 1568 parari
571 1517 775 1565 solebant,
820 1516 969 1566 passim
1004 1516 1344 1566 denominantur,
1389 1533 1428 1557 v.
1465 1533 1499 1558 c.

109 1587 314 1629 Aretina,
365 1584 636 1629 Surrentina,
688 1585 950 1636 Saguntina,
1000 1583 1189 1622 Cumana
1229 1585 1409 1637 aliaque,
1461 1594 1503 1626 at

110 1667 335 1705 nusquam,
377 1659 572 1704 quantum
595 1653 786 1701 memini,
829 1653 1002 1691 Veneta.
1058 1652 1168 1689 Hinc
1203 1653 1397 1692 substitui
1431 1670 1504 1693 ve·-

113 1729 203 1759 neto
230 1721 409 1772 duroque
443 1721 619 1765 culullo,
667 1719 706 1758 h.
748 1734 783 1757 e.
818 1719 932 1757 luteo
969 1724 1012 1755 et
1042 1718 1159 1756 fictili
1178 1721 1326 1770 poculo
1350 1730 1500 1761 ansato.

114 1789 303 1826 Culullus
327 1784 454 1841 (sorte
487 1788 690 1836 culeolus,
729 1787 870 1825 culeus
890 1783 1056 1837 parvus)
1087 1787 1276 1835 grandius
1305 1791 1502 1839 poculum

114 1861 322 1904 ansatum,
357 1855 478 1904 initio
500 1854 624 1894 fictile
637 1883 650 1900 ,
693 1861 834 1906 postea
855 1860 895 1891 et
921 1866 1100 1891 aureum.
1130 1867 1168 1892 v.
1200 1854 1328 1906 intpp.
1355 1857 1500 1895 Horat.

47 1920 53 1923 ⁴
115 1922 194 1961 Od.
219 1923 251 1972 I,
272 1924 337 1972 31,
362 1935 421 1961 11.
452 1929 494 1960 et
514 1922 563 1959 A.
585 1922 629 1959 P.
653 1923 746 1961 434.
776 1930 936 1969 venem,
971 1934 1024 1958 ex
1047 1921 1137 1958 luto
1159 1934 1188 1958 s.
1213 1922 1353 1972 argilla
1376 1923 1506 1973 sact03

113 1990 223 2028 mide
257 1999 397 2027 veneto
407 2017 421 2034 ,
474 1989 685 2038 caeruleo,
738 1986 813 2043 (al.
855 1990 1029 2034 Veneto)
1066 1989 1151 2026 luto
1186 1989 1293 2026 dixit
1324 1991 1501 2031 Martial.

115 2058 191 2106 III,
216 2069 279 2107 72,
309 2057 375 2104 (al.
403 2059 487 2108 74,)
507 2059 543 2094 4.
603 2057 840 2109 :S'aguntlno
861 2055 1021 2106 cymbia
1046 2061 1087 2092 et
1103 2058 1261 2107 poc-ula
1278 2059 1391 2106 ficta
1416 2062 1501 2098 luto

115 2125 226 2163 idem
250 2123 365 2174 VHI,
393 2126 429 2175 6,
452 2138 490 2163 2.
524 2125 642 2173 XIV,
670 2126 759 2179 108,
783 2136 821 2162 2.
875 2123 1054 2160 Fictilia
1087 2126 1287 2176 antiquus
1317 2130 1502 2176 primum

59 2194 65 2200 '
116 2193 319 2244 sibificit
343 2197 519 2245 agresti-s·
544 2193 730 2241 Pocula,
763 2193 812 2229 de
828 2192 962 2243 facili
985 2196 1289 2245 composuitque
1314 2195 1400 2232 luto
1425 2196 1502 2233 Ti-

119 2260 216 2300 bull.
237 2261 269 2310 Ι,
298 2275 331 2309 1,
368 2262 432 2301 40.

235 2342 309 2379 171
335 2343 416 2381 seq.
456 2330 505 2367 In
526 2337 645 2380 parte
668 2341 826 2379 magna
848 2327 999 2365 Italiae
1024 2340 1106 2365 non
1131 2329 1242 2366 ultra
1259 2332 1368 2366 vires
1394 2333 1506 2369 nitor

118 2396 308 2445 habitus,
350 2403 396 2434 ut
416 2397 590 2444 Ro‘mae,
630 2409 668 2434 v.
700 2397 777 2433 180
796 2409 879 2446 seq.
938 2394 1053 2433 Nova
1075 2395 1234 2434 Romae
1253 2395 1502 2437 deserendae

118 2478 246 2502 causa.
305 2463 352 2502 In
373 2464 604 2515 municipiis
638 2463 712 2501 vix
746 2468 903 2513 togam,
945 2462 1095 2500 nedum
1119 2464 1267 2514 pictam
1300 2465 1365 2502 vel
1400 2480 1504 2518 pur—

117 2529 310 2583 puream,
346 2531 590 2579 induebant,
628 2530 811 2568 contenti
833 2530 982 2567 tunica.
1043 2530 1095 2567 cs.
1137 2545 1174 2568 v.
1207 2543 1294 2582 179.
1323 2534 1500 2572 Martial.

118 2598 192 2646 IV,
218 2599 281 2647 66,
305 2600 342 2637 3.
400 2598 502 2635 Plin.
525 2597 601 2648 Ep.
629 2597 719 2641 VIl,
751 2599 787 2635 3.
847 2598 959 2647 Lips.
980 2597 1111 2647 Epist.
1135 2596 1299 2645 Quaest.
1335 2601 1363 2648 Ι,
1388 2602 1423 2638 ὁ.
1449 2623 1502 2631 --

123 2678 212 2713 172.
244 2668 291 2704 In
319 2666 436 2703 Italia
461 2667 611 2702 mortui
642 2671 756 2714 toga,
808 2670 854 2701 ut
878 2665 919 2700 in
947 2663 1119 2702 Graecia
1153 2666 1302 2715 pallio,
1342 2669 1503 2719 operie-

115 2730 288 2782 bantur,
327 2740 369 2771 et
392 2733 558 2785 quidem
583 2745 768 2771 censores
795 2744 1026 2785 purpurea,
1071 2733 1327 2783 magistratus
1357 2736 1506 2774 summi
