1686 3089
176 158 258 203 582
578 154 1167 200 COMMENTARIVS

168 275 271 312 >sitos
304 273 430 312 fuisse
467 271 528 310 ad*
551 272 780 311 columnam
815 271 1025 309 lactariam
1054 271 1098 308 in
1121 271 1214 310 soro
1236 271 1412 312 olitorio.
1471 273 1565 312 Hoc

171 348 308 379 autem
330 341 467 379 sorum
489 341 572 378 suit
595 340 872 393 propinquum
897 338 1028 377 monti
1051 338 1284 389 Capitolino
1305 347 1346 378 et
1369 342 1564 389 Velabm,

168 409 211 449 h.
237 424 270 447 e.
290 409 473 460 planitiei
493 409 602 446 inter
643 405 940 457 Capitolinum,
977 407 1229 444 Aventinum
1260 413 1301 444 et
1335 407 1564 447 Palatinum

170 483 343 525 montes,
367 478 409 514 in
437 490 555 528 quam
590 487 708 524 saepe
734 473 967 510 exundabat
990 474 1167 522 Tiberis,
1201 488 1383 525 quaeque
1412 474 1562 512 cloacis

1045 538 1102 562 ²90
1160 541 1223 578 Eo
1248 541 1358 579 sorte
1382 548 1421 578 et
1444 548 1566 593 poeta

169 545 216 584 in
250 545 360 583 hunc
394 544 565 581 fluvium
605 542 737 578 ductis
774 540 1015 578 siccabatur.

164 619 215 651 ‘et
243 614 418 664 interpp.
456 623 688 662 respexere.
806 609 901 645 inde
933 611 1083 659 petitos
1119 608 1296 646 infantes
1329 610 1510 659 spurios,
1537 622 1562 647 e

170 682 316 733 quibus
337 681 393 718 sic
413 679 517 717 fiunt
540 677 636 715 olim
661 676 774 713 Salii
796 682 838 712 et
861 676 1037 719 Scala-A,
1066 675 1105 713 h.
1130 690 1162 712 e.
1189 677 1337 713 sumini
1369 675 1560 713 sacerdo—

115 798 116 803 1
167 755 230 786 tes
251 754 293 785 et
316 748 594 799 magistratus,
621 744 689 781 vel
707 744 878 781 nobiles.
964 744 1194 791 Pontifices
1220 744 1370 789 Salios,
1397 757 1433 780 v.
1459 743 1560 780 var.-

166 804 303 854 Lectt.
416 813 551 850 Salios
585 810 787 862 exquisite
823 811 932 848 dixit
966 817 1109 862 poeta:
1147 825 1241 848 nam
1272 825 1356 848 non
1386 811 1558 847 iuvenes

168 882 292 920 modo
313 881 471 919 nobiles
494 879 544 918 ad
569 877 746 917 honores
767 891 843 928 per
864 877 1090 915 sacerdotia
1115 879 1226 916 adire
1249 879 1458 921 solebant,
1489 876 1561 915 sed

171 951 216 988 in
239 949 317 987 hoo
338 947 594 986 sacerdotum
614 959 776 997 quoque
798 945 1015 995 collegium
1047 958 1129 983 non
1148 946 1228 983 nisi
1249 947 1412 997 patricii
1438 946 1558 982 iuve-

165 1031 260 1066 neS,
289 1017 400 1068 iique
422 1014 591 1066 patrimi
616 1019 660 1050 et
688 1011 883 1055 matrimi,
915 1012 1224 1063 cooptabantur.
1303 1014 1555 1050 Scaurorum

165 1083 206 1124 h.
237 1085 263 1122 l.
293 1098 371 1136 pro
415 1081 625 1134 quibusvis
661 1079 894 1127 nobilibus,
937 1092 1114 1130 quorum
1148 1082 1319 1118 nomina
1352 1080 1559 1130 accipiunt

165 1152 368 1204 suppositi
390 1150 475 1197 illi,
506 1148 577 1186 sed
598 1147 719 1200 falso
738 1161 933 1197 corpore,
961 1145 1001 1184 h.
1024 1148 1051 1186 l.
1078 1149 1173 1199 quia
1191 1148 1307 1197 falso,
1335 1161 1410 1199 per
1435 1160 1556 1185 erro-

165 1233 278 1267 rem,
322 1231 464 1256 eorum
497 1216 572 1254 filii
606 1221 814 1266 putantur.
882 1215 1051 1263 „Simile
1085 1221 1224 1253 tamen
1261 1215 1414 1267 aliquid
1446 1215 1558 1252 sorte

164 1286 313 1325 accidit
340 1286 382 1322 in
411 1285 568 1322 familia
589 1284 852 1331 Scaurorum,
883 1282 932 1320 ad
957 1283 1068 1334 quod
1089 1282 1423 1335 alluditpoeta;“
1450 1280 1553 1319 Ach.

286 1354 365 1392 605
399 1366 480 1403 seq.
512 1352 700 1389 venusta
723 1351 928 1388 Fortunae
950 1351 1106 1401 imago,
1134 1364 1254 1403 quam
1273 1356 1314 1388 et
1341 1363 1556 1402 personam

163 1421 266 1458 fecit
288 1426 422 1470 pocta.
507 1419 694 1456 Fortuna
721 1418 923 1468 improba,
966 1431 1086 1469 saepe
1108 1418 1286 1468 indignis
1313 1417 1489 1455 secunda
1512 1422 1556 1454 et

159 1487 294 1538 dignis
317 1486 507 1531 adversa,
537 1484 645 1521 unde
669 1489 711 1520 et
733 1487 973 1521 existimata
997 1500 1146 1531 caeca,
1177 1486 1386 1528 volubilis,
1419 1499 1548 1535 vaga,

163 1556 434 1595 inconstans,
466 1553 650 1595 incerta,
681 1553 818 1595 ιάνία,
850 1557 898 1588 ut
918 1556 1011 1588 utar
1030 1552 1166 1589 verbis
1190 1552 1294 1589 Plin.
1322 1551 1374 1588 II.
1457 1554 1552 1588 Stat

161 1621 276 1673 quasi
318 1619 367 1657 ad
405 1633 574 1671 spurcos
604 1619 707 1669 3illos
740 1619 864 1656 lacus.
986 1628 1139 1673 nocum-
1176 1633 1268 1657 nam
1300 1625 1387 1655 tum
1427 1618 1549 1669 pueri

158 1689 263 1726 clam
295 1693 336 1724 et
371 1688 684 1738 exponebantur
719 1686 769 1723 ad
808 1687 925 1724 lacus
947 1700 1119 1736 spurcos
1141 1688 1208 1725 vel
1235 1686 1466 1725 columnam
1487 1686 1549 1722 la-

155 1756 354 1799 ctariam,
385 1760 428 1792 et
456 1755 551 1791 inde
581 1753 839 1804 petebantur
865 1753 1021 1790 eumin
1043 1753 1182 1797 finem,
1215 1755 1284 1806 qui
1304 1768 1342 1792 v.
1372 1754 1450 1793 602
1464 1768 1545 1806 seq.

156 1822 401 1873 designatur.
517 1820 609 1859 606.
637 1822 825 1859 Fortuna
855 1821 1046 1858 arridens
1071 1820 1192 1858 etiam
1221 1822 1435 1872 proverbii
1452 1822 1545 1860 loco

155 1889 351 1928 Romanis
375 1903 420 1927 ac
451 1888 568 1926 nobis
592 1887 753 1926 dicitur.
866 1888 992 1925 nudis
1024 1888 1288 1939 izffantihus,
1329 1890 1542 1940 expositis.

152 1971 317 2002 omnes,
354 1971 392 1995 v.
426 1957 525 1994 Var.
562 1955 681 1993 Lect.
783 1956 931 2007 sbvet,
974 1954 1160 2005 adiuvat;
1206 1962 1276 1993 aut
1306 1957 1420 1995 fovet
1457 1971 1541 2004 eos,

151 2030 201 2062 ut
220 2024 367 2075 gallina
391 2024 548 2076 pulIOS,
578 2037 629 2061 ne
654 2022 810 2073 frigore
840 2022 1079 2071 laedantur3
1111 2029 1179 2061 aut
1197 2024 1333 2075 potius
1352 2025 1475 2075 jbt'et
1505 2033 1543 2063 et

151 2093 330 2130 involvit
351 2094 448 2129 sinu
483 2091 597 2143 quasi
633 2096 774 2141 togae,
815 2089 947 2141 (quod
973 2089 1023 2128 de
1048 2091 1194 2128 intimo
1215 2105 1353 2129 amore
1378 2091 1542 2140 dicitur,

146 2166 195 2201 ut
223 2162 268 2198 in
294 2161 391 2197 sinu
411 2168 576 2211 gestare
600 2159 801 2209 aliquem)
832 2157 899 2195 vel
927 2158 970 2195 in
992 2158 1169 2208 gremio,
1199 2159 1446 2210 amplectens
1469 2173 1539 2197 eos

147 2233 192 2264 et
213 2227 467 2266 vestimentis
488 2225 715 2264 involvens.
780 2224 928 2262 Martis
968 2225 1025 2261 sic
1059 2230 1129 2262 aut
1158 2226 1331 2263 nutricis
1364 2239 1539 2277 persona

151 2295 357 2332 Fortunae
389 2292 630 2345 imponitur.
738 2294 949 2344 porrigit,
992 2291 1141 2339 tradit,
1190 2292 1339 2342 insert,
1377 2294 1538 2344 ingerit,

147 2361 337 2400 domibus
359 2362 459 2399 altis
471 2387 485 2405 ,
519 2358 715 2406 excelsis,
743 2359 783 2396 h.
805 2374 838 2397 e.
875 2359 1048 2397 divitum
1074 2372 1119 2396 ac
1150 2360 1385 2412 principum
1418 2362 1535 2398 viro-

146 2441 262 2477 rum,
303 2429 371 2467 vel
403 2427 570 2467 familiis
602 2427 807 2465 nobilibus
839 2432 881 2463 ct
915 2427 1110 2478 antiquis,
1153 2429 1233 2465 alti
1258 2430 1462 2472 nominis,
1491 2441 1532 2465 v.

149 2495 201 2533 ad
221 2509 258 2534 v.
285 2497 377 2534 385.
405 2517 460 2527 —
522 2495 613 2534 608.
644 2495 849 2532 Secretum
872 2494 955 2531 sibi
973 2492 1142 2531 mimicm
1160 2503 1312 2545 parat,
1343 2501 1390 2532 ut
1413 2497 1531 2532 iocass

143 2570 213 2600 tur
251 2560 325 2610 III,
359 2563 425 2613 39.
495 2562 559 2600 Cf,
597 2562 655 2600 ibi
683 2568 765 2600 not.
791 2568 833 2599 et
850 2562 951 2600 Hor.
976 2561 1055 2600 Od.
1081 2562 1156 2610 III,
1180 2573 1245 2613 29,
1273 2563 1337 2613 49.
1365 2575 1447 2613 seq.
1475 2583 1530 2589 -—

194 2668 270 2700 ¹9⁰·
305 2655 360 2687 Cf.
385 2655 461 2688 Liv.
491 2656 518 2697 I,
544 2657 587 2690 58
623 2665 708 2689 extr.
736 2656 840 2691 Oxid.
873 2657 964 2691 Fast.
998 2657 1060 2698 VI,
1093 2657 1156 2691 401
1192 2668 1263 2699 seq.
1290 2665 1323 2689 ει
1347 2656 1465 2699 lique
1485 2655 1528 2688 ad

141 2713 276 2748 Tibull.
297 2715 347 2755 11,
374 2710 406 2755 5,
431 2713 486 2748 53.
