1686 3089
500 158 576 200 IN
620 157 854 199 IVVEN.
901 156 1040 198 SAT.
1091 157 1123 195 1.
1455 159 1510 202 25

116 270 266 328 ’χοῖζῖειν-
339 273 531 312 Notanda
564 275 716 314 Mimae
749 273 975 320 festivitas,
1036 272 1167 324 alapas
1195 272 1296 310 salse
1318 273 1504 318 iocando,

115 340 325 379 interdum
361 347 403 378 et
436 342 527 380 fuse
560 342 757 390 ridendo,
801 342 1055 392 excipientis.
1092 363 1146 370 —
1205 340 1285 377 Sed
1318 342 1506 380 mimicae

114 409 309 456 actionis,
348 410 508 460 qualem
531 416 669 449 mente
696 410 991 456 informamus,
1036 415 1165 446 restat
1206 414 1349 460 quarta
1386 407 1505 446 deni-

114 490 194 527 que
227 490 420 528 persona,
477 491 639 525 servus,
713 478 980 528 flagitiorum,
1035 482 1157 528 puto,
1221 475 1407 512 conscius
1459 489 1504 513 ac

111 550 319 596 promtum
350 558 436 582 sese
472 544 658 584 dominae
690 546 925 584 ministrum
955 545 1164 596 praebens.
1235 542 1436 593 Colligere
1460 543 1505 581 id

109 611 208 649 licet
237 625 291 650 ex
323 611 494 664 Capitol.
527 614 569 650 in
603 614 661 650 Μ.
695 613 845 651 Anton.
881 612 955 651 sub
984 612 1052 650 fin.
1072 627 1110 664 p.
1131 613 1196 650 34.
1225 612 1277 648 D.
1314 610 1507 648 Sal1nas.“

111 680 225 717 Haec
255 680 425 728 Heinr.,
471 681 765 732 probabiliora,
820 694 940 731 quam
976 694 1077 732 quae
1110 679 1150 716 h.
1183 680 1209 717 1.
1242 679 1504 729 disputarunt

109 746 368 798 interpretes.
385 745 415 769 ¹⁵
472 749 550 786 Vir
574 754 710 787 autem
745 749 887 787 doctus
914 749 957 787 in
993 749 1080 786 Jen.
1103 747 1207 797 Allg.
1229 747 1314 784 Lit.
1337 745 1442 782 Zeit.
1467 759 1501 782 a.

115 816 231 853 1810.
256 815 308 852 N.
332 816 425 854 285.
455 830 494 868 p.
519 817 612 855 480.
642 817 890 868 suspicatur,
944 816 1162 866 'l'hymelen
1195 815 1323 852 fuisse
1349 825 1500 850 nomen

110 883 304 921 usitatum
329 883 372 920 in
412 884 578 921 familiis
609 884 812 921 artificum
841 883 1126 930 theatralium,
1165 883 1231 919 vel
1267 887 1502 919 curatorum

108 963 230 1000 apum
253 950 493 989 fictorumve
515 952 789 990 cereariorum
803 982 814 1000 ,
851 966 874 989 a
895 947 1057 1004 θύμον,
1095 950 1221 988 odora
1245 962 1366 1001 apum
1399 946 1501 984 her-

107 1017 180 1065 ba,
218 1023 258 1055 et
283 1019 409 1067 ἑλεῖν,
449 1035 619 1070 capere,
668 1020 975 1067 deducendum,
1019 1032 1143 1070 quum
1178 1023 1291 1055 certe
1318 1017 1501 1053 Frutina

109 1084 298 1134 'I'hymele
321 1087 410 1137 (qu.
427 1089 581 1139 fruens
611 1088 746 1137 thymo
772 1087 838 1124 vel
858 1090 902 1123 in
930 1087 1064 1136 thymo
1100 1086 1327 1130 delicians)
1360 1083 1405 1120 in
1426 1082 1501 1118 In-

106 1165 182 1189 scr.
213 1166 274 1204 ap.
311 1153 479 1192 Gruter.
507 1156 555 1192 T.
592 1155 644 1192 ΙΙ.
673 1169 710 1205 p.
755 1167 872 1191 1010,
898 1167 936 1190 n.
975 1166 1011 1190 2.
1035 1152 1096 1190 ed.
1122 1152 1271 1190 Graev.
1292 1165 1403 1188 aram
1433 1149 1498 1186 di-

105 1233 214 1258 casse
248 1220 407 1258 dicatur
440 1222 501 1258 M.
539 1222 593 1258 D.
630 1224 690 1259 M.
733 1221 895 1269 (forsan
927 1222 1137 1258 Mellonae
1174 1221 1316 1256 Divae
1339 1219 1499 1263 Matri)

107 1289 321 1333 Cerarc'ae,
362 1303 482 1340 quam
504 1289 759 1338 Augustinus
797 1289 846 1326 dc
873 1289 948 1327 civ.
979 1288 1062 1325 Dei
1085 1301 1205 1338 apum
1227 1285 1343 1323 dcam
1368 1284 1498 1322 fuisso

100 1356 247 1395 tradat.

228 1414 294 1462 37.
338 1412 602 1454 submoveant
644 1412 753 1450 iusta
793 1412 1034 1450 hereditate.
1125 1410 1188 1449 Cs.
1234 1410 1406 1448 Luciam.
1451 1407 1497 1446 in

106 1482 282 1521 Timone
324 1494 357 1517 c.
406 1492 472 1517 22.
524 1480 736 1526 noctibus,
799 1487 1001 1518 nocturno
1046 1479 1183 1526 coitil,
1242 1476 1495 1522 concubitu3

101 1548 212 1590 unde
242 1556 398 1586 noctem
430 1562 570 1593 orare,
606 1550 863 1597 promittere,
908 1562 1086 1599 negare,
1132 1540 1360 1598 paam-22¹⁶
1400 1557 1494 1580 ewe-

104 1618 169 1656 hit
195 1620 241 1654 in
263 1617 442 1660 coelum,
479 1615 530 1653 ad
559 1629 754 1654 summam
786 1610 1069 1667 opulentiam,
1101 1615 1340 1666 dignitatem
1364 1617 1411 1649 et.
1428 1610 1496 1648 se-

102 1686 309 1725 licitatem.
369 1685 527 1735 optima
549 1686 699 1720 szmmzi
730 1698 842 1721 mmo
866 1687 940 1721 ι’ἰα
968 1697 1207 1735 ρνοοεεειιε,
1248 1693 1358 1718 nunc
1380 1677 1495 1729 opti-

102 1768 170 1793 ma
190 1753 257 1792 vel
278 1751 495 1799 facillima,
542 1751 781 1789 brevissima
816 1757 857 1789 et
888 1752 1091 1789 tutissima
1122 1752 1190 1788 via
1213 1748 1263 1787 ad
1293 1759 1494 1784 summam

103 1822 367 1869 felicitatem,
418 1819 498 1856 nisi
534 1819 668 1867 malis,
723 1818 773 1856 ad
800 1819 1077 1867 consulatum,
1127 1829 1332 1855 summum
1355 1813 1491 1851 hono-

103 1903 212 1937 rem,
254 1889 393 1925 vesica
423 1887 583 1925 vetulae
609 1887 774 1934 bealae,
814 1900 928 1923 amor
963 1900 1061 1923 anus
1091 1885 1159 1922 vel
1180 1883 1398 1922 viduarum
1423 1879 1490 1917 di·-

103 1958 262 2005 vitum3
301 1969 398 2007 quas
421 1955 526 1992 lucri
554 1967 672 1991 causa
700 1953 957 1990 sectabantur
989 1953 1119 1990 multi.
1185 1950 1249 1989 Cf.
1278 1949 1329 1986 ad
1353 1948 1427 1995 IV,
1452 1948 1490 1984 4.

106 2027 350 2066 Processu-5,
404 2022 509 2059 felix
545 2027 737 2067 eventus,
782 2019 971 2057 fortuna:
1020 2020 1092 2057 sed
1117 2018 1334 2070 procedere
1367 2015 1489 2053 etiam

103 2091 270 2144 proprie
290 2089 442 2127 dicitur
463 2088 639 2125 solennis
676 2086 899 2125 Consulum
924 2101 1091 2138 pompa,
1142 2100 1218 2138 qua
1239 2085 1372 2137 primo
1395 2082 1493 2120 initi

104 2159 361 2210 magistratus
393 2156 458 2193 die
495 2169 549 2192 ex
586 2154 750 2192 aedibus
781 2155 862 2193 suis
895 2155 938 2191 in
959 2154 1207 2206 Capitolium
1231 2151 1492 2190 deduceban-

103 2233 187 2265 tur.
200 2222 239 2247 ¹⁷
296 2223 450 2263 Census
481 2230 638 2270 autem,
678 2229 723 2260 ut
747 2221 890 2259 Ovidii
915 2222 1053 2260 verbis
1088 2226 1202 2269 utar,
1252 2219 1321 2256 dat
1351 2217 1489 2255 hono-

154 2345 207 2380 15.
232 2347 353 2388 Vulgo
378 2353 519 2389 putant,
546 2351 687 2386 poetam
712 2354 771 2375 os-
827 2343 882 2374 vel
924 2342 1151 2381 muneribus,
1205 2341 1261 2371 vel
1313 2337 1488 2370 facundia,

106 2405 271 2446 tendere,
330 2414 374 2435 ne
421 2403 582 2434 homiues
626 2401 770 2444 quidem
827 2399 941 2443 (unde
965 2398 1152 2443 Thymele)
1179 2399 1233 2429 vel
1253 2404 1386 2439 stupro,
1435 2397 1488 2428 [ta

108 2471 223 2506 gratos
252 2461 481 2503 Imperatori,
524 2459 637 2500 qualis
669 2458 769 2489 Lati·
827 2467 967 2499 quoque
993 2457 1134 2499 Ziegler
1167 2455 1209 2488 de
1235 2456 1356 2489 mimis
1386 2454 1490 2485 Rom.

106 2524 172 2552 nu's
197 2518 304 2550 fuerit
326 2519 480 2555 mimus,
503 2523 593 2547 tutos
619 2516 722 2546 fuisse
750 2525 769 2545 a
824 2525 859 2557 p.
883 2515 938 2556 73.

108 2575 361 2615 delationibus,
387 2582 421 2605 et
448 2572 489 2604 ab
510 2584 550 2604 eo
574 2572 667 2603 clam
678 2571 768 2602 fuis-
874 2572 925 2604 16.
954 2570 1008 2604 Cs.
1036 2570 1144 2603 Drak.
1181 2578 1214 2602 et
1246 2581 1310 2602 nos
1341 2566 1386 2599 ad
1423 2565 1489 2597 Sil.

109 2644 144 2664 se
177 2633 319 2664 missam
354 2631 543 2663 mulierem
582 2636 640 2660 aut
677 2639 768 2659 uxo-
833 2628 888 2670 II,
923 2627 999 2661 505.
1026 2630 1091 2669 ΙΙΙ,
1112 2630 1189 2673 429.
1216 2626 1277 2668 XI,
1306 2626 1379 2658 185.

116 2700 194 2722 rem
237 2687 280 2719 ad
322 2687 516 2720 delatorem
561 2684 775 2730 placandum
883 2697 934 2730 17.
967 2685 1022 2720 Cf.
1058 2685 1237 2719 Drakenb.
1279 2693 1313 2716 et
1347 2693 1411 2715 nos
1445 2678 1490 2712 ad
