1686 3089
481 209 558 250 IN
604 207 838 250 IVVEN.
885 210 1022 251 SAT.
1068 211 1097 250 1.
1433 216 1485 260 53

80 337 176 364 mus
201 323 324 362 etiam
346 323 554 363 scribendi
574 326 748 377 impetus
773 325 962 365 oboritur
985 339 1221 378 summaque
1248 327 1309 365 ira
1347 335 1389 367 et
1413 331 1481 369 in·-

82 392 288 443 dignatio,
325 392 441 445 {quae
479 393 771 433 deservescunt
806 394 940 442 domi,
990 393 1062 430 ubi
1096 396 1294 432 memoria
1323 400 1480 448 repeti-

81 472 172 498 mus
188 489 198 508 ,
238 474 340 512 quae
368 461 477 499 oculi
501 461 718 510 viderunt,
760 469 801 500 et
825 475 878 500 ex
901 467 984 498 tam
1008 461 1149 498 multis
1171 461 1252 499 iam
1281 465 1477 515 quaedam

79 529 214 566 animo
241 528 500 567 effluxerunt.
591 529 826 581 Grangaeus
856 529 981 567 verba
1018 531 1064 565 ιἰι
1095 529 1316 581 quadrivio
1343 545 1477 583 expo-

78 595 161 632 nit:
208 596 362 647 palam,
410 597 496 634 sine
523 596 608 634 ullo
633 598 784 646 timore
811 596 935 634 edicti
958 596 1209 645 Domitiani,
1259 612 1338 649 quo
1368 600 1476 637 scri-

78 668 150 713 pta
183 663 338 702 famosa
366 663 556 702 abolevit.
580 647 839 702 ,Rectissima
874 663 973 701 haec
1005 664 1201 702 videntur
1232 665 1474 716 Heineckio,

75 729 148 767 illa
166 727 266 769 vero
288 731 429 768 aliena.
487 731 678 769 Iudicent
697 732 920 771 acutiores!

189 797 253 835 64.
288 798 353 836 65.
380 798 592 837 Lecticam
616 806 656 837 et
682 800 846 850 sellam,
890 805 932 837 et
959 799 1124 850 quidem
1141 799 1366 849 laxiorem,
1406 800 1473 839 di-

74 864 228 903 tiorum
255 879 299 903 ac
322 867 626 917 potentiorum,
666 867 853 906 serebant
877 868 987 904 servi
1013 867 1257 918 (lecticarii)
1283 869 1472 919 plerum—

75 945 156 984 que
175 946 265 977 sex,
295 946 600 986 nonnumquam
625 940 739 972 octo:
770 934 879 971 unde
898 935 969 972 illa
996 935 1254 985 lzexaplzoros
1266 962 1279 980 ,
1325 935 1470 986 (Mart.

73 998 129 1048 II,
163 1002 227 1038 81.
271 1000 344 1048 IV,
380 1003 445 1050 51,
477 1003 540 1050 2.)
567 1000 666 1039 haec
699 1003 940 1052 oetoplzoros
974 1002 1198 1040 dicebatur.
1266 1003 1471 1044 Minutam

74 1072 118 1104 et
145 1074 322 1117 arctam,
368 1069 628 1117 tenuiorum,
678 1070 745 1106 vel
777 1069 858 1105 duo
894 1071 1003 1107 servi
1032 1070 1273 1120 portabant,
1314 1069 1364 1107 de
1389 1086 1470 1122 quo

72 1147 112 1173 v.
136 1135 212 1183 IX,
240 1137 315 1173 142
342 1150 422 1187 seq.
484 1136 548 1173 Cs.
572 1137 685 1187 Lips.
722 1134 905 1176 Elector.
942 1137 974 1183 I,
1012 1149 1070 1187 19.
1100 1142 1139 1172 ct
1159 1137 1361 1187 Bottigeri
1394 1139 1471 1176 Sa-

73 1202 170 1240 bina
193 1216 226 1239 c.
255 1205 291 1240 8.
327 1217 365 1255 p.
405 1204 497 1253 427.
529 1205 621 1242 428.
658 1204 738 1240 445
767 1217 849 1257 seq.
875 1202 936 1240 ed.
963 1217 1023 1254 pr.
1083 1205 1203 1240 Hinc·
1226 1213 1349 1256 alque
1372 1206 1470 1243 inde

68 1279 222 1322 patens
242 1273 458 1322 signator,
492 1271 783 1322 proprie'sella
803 1271 871 1308 vel
893 1271 1064 1318 lectica,
1111 1271 1301 1322 quoniam
1328 1279 1467 1323 aperta

71 1343 160 1386 est,
207 1351 291 1375 non
321 1343 443 1374 tecta.
520 1338 783 1374 Britannicus
824 1337 1031 1376 hominem
1043 1367 1054 1386 ,
1109 1339 1179 1389 qui
1211 1339 1258 1376 ab
1293 1346 1469 1391 utraque

73 1412 191 1456 parte
215 1405 396 1456 conspici
417 1405 566 1455 possit,
609 1417 735 1456 quum
771 1406 880 1443 solus
901 1406 955 1442 sit
979 1406 1022 1442 in
1042 1406 1207 1452 lectica,
1249 1405 1467 1456 designari,

71 1472 197 1523 idque
235 1472 398 1509 delicati
428 1486 514 1510 esse
550 1479 590 1510 et
617 1473 843 1521 luxuriosi,
894 1472 1074 1524 putabat.
1146 1472 1380 1518 Catlzea'ra,
1420 1481 1467 1513 ut

69 1539 282 1592 καθέδρα,
318 1538 358 1576 11.
393 1540 419 1577 l.
444 1540 575 1591 simpl.
599 1541 718 1589 sella,
758 1546 799 1578 et
835 1540 1126 1588 delicatorum3
1167 1553 1260 1577 nam
1292 1542 1465 1593 proprie

69 1607 170 1644 sella
191 1613 280 1645 erat
301 1607 520 1645 mulierum
534 1637 545 1656 ,
584 1614 624 1645 et
645 1608 809 1660 quidem
830 1608 1065 1655 sublimior,
1094 1608 1268 1658 (species
1287 1604 1462 1660 θρόνου,

72 1688 176 1726 quae
195 1676 348 1727 δίφραξ
374 1675 525 1713 dicitur
558 1675 733 1714 Theocr.
773 1676 891 1723 XIV,
921 1676 986 1726 59.
1020 1675 1091 1711 ubi
1126 1687 1165 1716 v.
1200 1673 1381 1724 scholia)
1418 1678 1464 1715 in

72 1755 151 1793 qua
174 1742 368 1780 sedebant
394 1749 435 1780 et
467 1757 772 1795 nonnumquam
805 1743 1085 1794 gestabantur,
1139 1741 1306 1781 dorsum
1336 1745 1463 1783 accli-

68 1815 211 1847 nantes
237 1810 381 1848 fulcris
404 1810 554 1848 affabre
577 1811 695 1849 sactis
719 1817 760 1848 et
782 1809 946 1850 brachia
968 1810 1183 1847 cubitosve
1213 1817 1460 1861 reponentes

67 1877 114 1914 in
135 1878 223 1916 aliis
246 1878 416 1927 fulcris,
444 1892 546 1930 quae
568 1879 690 1917 etiam
731 1877 1002 1916 scribentibus
1037 1875 1295 1927 pulpitorum
1330 1879 1463 1917 instar

69 1951 198 1983 erant.
260 1945 322 1984 Cf.
346 1946 397 1984 ad
417 1946 493 1995 VI,
514 1959 579 1997 91.
601 1946 676 1994 IX,
714 1948 778 1984 52.
820 1944 997 1983 Martial.
1021 1943 1097 1991 III,
1121 1943 1185 1992 62,
1213 1956 1248 1993 7.
1291 1944 1364 1993 IV,
1392 1957 1457 1997 79,

68 2012 174 2051 Plin.
203 2013 322 2062 XVI,
355 2014 419 2062 37.
454 2027 484 2051 s.
530 2013 594 2051 68.
626 2014 765 2051 Burm.
804 2019 845 2050 et
882 2010 1080 2050 Schwabe
1105 2010 1154 2048 ad
1183 2010 1355 2049 Phaedr.
1382 2012 1459 2060 III,

71 2081 108 2129 8,
141 2082 179 2119 4.
214 2081 412 2119 Passerat.
449 2080 498 2118 ad
530 2081 653 2132 Prop.
676 2081 749 2129 IV,
780 2082 818 2125 5,
845 2081 910 2130 37.
948 2077 1132 2116 Scheffer
1165 2077 1216 2115 de
1251 2092 1297 2116 re
1324 2077 1459 2117 vehic-

66 2147 122 2197 II,
144 2149 181 2187 4.
202 2162 242 2200 p.
268 2148 321 2186 64
349 2162 430 2200 seq.
461 2154 503 2186 et
531 2148 718 2199 Bottiger
746 2148 790 2186 in
813 2148 961 2185 Sabina
985 2161 1023 2198 p.
1048 2147 1085 2183 4.
1119 2157 1184 2197 29.
1217 2145 1283 2183 30.
1311 2145 1375 2183 66.
1394 2145 1457 2183 ed.

66 2229 130 2268 pr.
185 2215 366 2254 Lecticis
392 2215 583 2267 sellisque
610 2214 866 2254 vehebantur
896 2215 1119 2252 nobiliores
1153 2212 1352 2257 Romani,
1389 2213 1458 2263 pi-

66 2283 190 2322 lentis
215 2289 256 2320 et
273 2284 477 2335 carpentis
507 2284 616 2321 solae
647 2280 836 2321 Vestales
865 2289 904 2320 et
928 2282 1145 2332 Augustae.
1204 2281 1397 2317 Lectieas
1417 2284 1460 2319 et

67 2352 192 2389 sellas
243 2365 464 2403 earumque
499 2352 690 2403 pluteOS,
774 2350 920 2400 quibus
965 2349 1097 2400 capita
1141 2347 1456 2395 acclinabantur,

25 2440 28 2446 ι
68 2406 254 2472 (Lehne)
282 2425 459 2471 quatuor
480 2419 608 2470 pedes
633 2424 672 2455 et
695 2417 920 2454 cervicalia
942 2417 1046 2465 (non
1068 2428 1221 2454 asseres
1244 2414 1458 2462 immissos,

69 2486 217 2538 quibus
246 2483 525 2540 gestabantur)
566 2498 759 2538 expressa
790 2482 886 2521 vide
915 2484 959 2522 in
978 2482 1184 2533 Bottigeri
1215 2481 1365 2519 Sabina
1392 2482 1456 2519 Sc.

9 2576 11 2581 ·
67 2553 184 2592 VIII.
212 2553 312 2591 Tab.
335 2554 432 2591 XII.
491 2554 640 2591 Sellam
662 2552 845 2590 alectica
875 2550 1178 2602 (Trczgesessel,
1220 2549 1459 2600 tragbarem

68 2621 312 2670 Lotterbett,
363 2622 608 2667 Palankin)
657 2621 717 2657 ita
756 2618 959 2657 diversam
1004 2619 1133 2657 fuisse
1176 2616 1458 2668 suspicabatur

47 2687 237 2741 ‚Lipsius
261 2689 363 2738 1.1.,
404 2694 451 2726 ut
472 2688 542 2727 illa
568 2687 617 2728 ad
652 2686 895 2734 sedendum,
947 2685 1046 2725 haec
1083 2685 1134 2725 ad
1165 2682 1379 2723 iacendum
1409 2695 1457 2721 a·-

114 2764 283 2800 Ivvnmm.
307 2765 395 2803 Vox.
419 2764 464 2800 11.
899 2751 939 2792 C'
