<?xml version="1.0" encoding="UTF-8"?>
<!DOCTYPE html PUBLIC "-//W3C//DTD XHTML 1.0 Transitional//EN"
    "http://www.w3.org/TR/xhtml1/DTD/xhtml1-transitional.dtd">
<html xmlns="http://www.w3.org/1999/xhtml" xml:lang="en" lang="en">
 <head>
  <title>
</title>
<meta http-equiv="Content-Type" content="text/html;charset=utf-8" />
  <meta name='ocr-system' content='tesseract 3.04.00' />
  <meta name='ocr-capabilities' content='ocr_page ocr_carea ocr_par ocr_line ocrx_word'/>
</head>
<body>
  <div class='ocr_page' id='page_1' title='image "./satirae16adoptim021juveuoft_0345.png"; bbox 0 0 1686 3089; ppageno 0'>
   <div class='ocr_carea' id='block_1_1' title="bbox 495 140 1526 204">
    <p class='ocr_par' dir='ltr' id='par_1_1' title="bbox 495 140 1526 204">
     <span class='ocr_line' id='line_1_1' title="bbox 495 140 1526 204; baseline 0 -14"><span class='ocrx_word' id='word_1_1' title='bbox 495 140 852 193; x_wconf 59' lang='lat' dir='ltr'><strong>1N21vaN.</strong></span> <span class='ocrx_word' id='word_1_2' title='bbox 906 147 1051 188; x_wconf 64' lang='lat' dir='ltr'>SAT⁴</span> <span class='ocrx_word' id='word_1_3' title='bbox 1091 150 1165 190; x_wconf 73' lang='lat' dir='ltr'>vi.</span> <span class='ocrx_word' id='word_1_4' title='bbox 1445 150 1526 204; x_wconf 82' lang='lat'>527</span> 
     </span>
    </p>
   </div>
   <div class='ocr_carea' id='block_1_2' title="bbox 119 258 1529 2206">
    <p class='ocr_par' dir='ltr' id='par_1_2' title="bbox 119 258 1519 587">
     <span class='ocr_line' id='line_1_2' title="bbox 138 258 1518 317; baseline -0.002 -12"><span class='ocrx_word' id='word_1_5' title='bbox 138 269 579 317; x_wconf 79' lang='lat' dir='ltr'>omniaperagere</span> <span class='ocrx_word' id='word_1_6' title='bbox 614 272 736 317; x_wconf 79' lang='lat' dir='ltr'>poeta</span> <span class='ocrx_word' id='word_1_7' title='bbox 765 265 874 303; x_wconf 84' lang='lat' dir='ltr'><strong>dixit</strong></span> <span class='ocrx_word' id='word_1_8' title='bbox 895 265 947 313; x_wconf 84' lang='lat' dir='ltr'>V,</span> <span class='ocrx_word' id='word_1_9' title='bbox 992 277 1081 304; x_wconf 81' lang='lat'>122.</span> <span class='ocrx_word' id='word_1_10' title='bbox 1145 262 1209 302; x_wconf 83' lang='lat' dir='ltr'>Cf.</span> <span class='ocrx_word' id='word_1_11' title='bbox 1253 262 1349 302; x_wconf 76' lang='lat' dir='ltr'>Var.</span> <span class='ocrx_word' id='word_1_12' title='bbox 1385 258 1518 304; x_wconf 72' lang='lat' dir='ltr'>Lectf.</span> 
     </span>
     <span class='ocr_line' id='line_1_3' title="bbox 124 326 1514 386; baseline -0.003 -14"><span class='ocrx_word' id='word_1_13' title='bbox 124 335 288 386; x_wconf 73' lang='lat' dir='ltr'>palluit</span> <span class='ocrx_word' id='word_1_14' title='bbox 332 334 453 373; x_wconf 79' lang='lat' dir='ltr'>anxia</span> <span class='ocrx_word' id='word_1_15' title='bbox 487 334 537 372; x_wconf 87' lang='lat' dir='ltr'>de</span> <span class='ocrx_word' id='word_1_16' title='bbox 565 326 1047 385; x_wconf 57' lang='lat' dir='ltr'>responso‘haruspicis,</span> <span class='ocrx_word' id='word_1_17' title='bbox 1101 345 1156 370; x_wconf 85' lang='lat' dir='ltr'>ex</span> <span class='ocrx_word' id='word_1_18' title='bbox 1199 341 1368 382; x_wconf 76' lang='lat' dir='ltr'>apertae</span> <span class='ocrx_word' id='word_1_19' title='bbox 1405 331 1445 369; x_wconf 86' lang='lat' dir='ltr'>h.</span> <span class='ocrx_word' id='word_1_20' title='bbox 1480 347 1514 369; x_wconf 84' lang='lat' dir='ltr'>e.</span> 
     </span>
     <span class='ocr_line' id='line_1_4' title="bbox 128 397 1518 453; baseline -0.001 -15"><span class='ocrx_word' id='word_1_21' title='bbox 128 401 322 442; x_wconf 83' lang='lat' dir='ltr'><strong>dissectae</strong></span> <span class='ocrx_word' id='word_1_22' title='bbox 343 402 430 440; x_wconf 77' lang='lat' dir='ltr'>sive</span> <span class='ocrx_word' id='word_1_23' title='bbox 453 408 649 440; x_wconf 82' lang='lat' dir='ltr'><strong>mactatae</strong></span> <span class='ocrx_word' id='word_1_24' title='bbox 674 415 810 453; x_wconf 77' lang='lat' dir='ltr'>agnae</span> <span class='ocrx_word' id='word_1_25' title='bbox 836 401 941 439; x_wconf 68' lang='lat' dir='ltr'>extis</span> <span class='ocrx_word' id='word_1_26' title='bbox 977 400 1119 438; x_wconf 80' lang='lat' dir='ltr'>sutura</span> <span class='ocrx_word' id='word_1_27' title='bbox 1150 412 1248 437; x_wconf 81' lang='lat' dir='ltr'>mox</span> <span class='ocrx_word' id='word_1_28' title='bbox 1282 397 1518 436; x_wconf 69' lang='lat' dir='ltr'>div-immri.</span> 
     </span>
     <span class='ocr_line' id='line_1_5' title="bbox 119 466 1519 520; baseline -0.004 -14"><span class='ocrx_word' id='word_1_29' title='bbox 119 469 331 519; x_wconf 73' lang='lat' dir='ltr'>pecudum</span> <span class='ocrx_word' id='word_1_30' title='bbox 373 471 548 507; x_wconf 69' lang='lat' dir='ltr'>reclusis</span> <span class='ocrx_word' id='word_1_31' title='bbox 587 470 824 520; x_wconf 77' lang='lat' dir='ltr'><em>pectoribus</em></span> <span class='ocrx_word' id='word_1_32' title='bbox 866 468 1039 506; x_wconf 72' lang='lat' dir='ltr'>inhians</span> <span class='ocrx_word' id='word_1_33' title='bbox 1085 468 1300 519; x_wconf 73' lang='lat' dir='ltr'><em>spirantia</em></span> <span class='ocrx_word' id='word_1_34' title='bbox 1339 466 1519 503; x_wconf 67' lang='lat' dir='ltr'>consulit</span> 
     </span>
     <span class='ocr_line' id='line_1_6' title="bbox 126 536 757 587; baseline 0.002 -14"><span class='ocrx_word' id='word_1_35' title='bbox 126 544 221 574; x_wconf 80' lang='lat' dir='ltr'>exta</span> <span class='ocrx_word' id='word_1_36' title='bbox 246 536 358 587; x_wconf 83' lang='lat' dir='ltr'>Virg.</span> <span class='ocrx_word' id='word_1_37' title='bbox 382 536 483 574; x_wconf 90' lang='lat' dir='ltr'>Aen.</span> <span class='ocrx_word' id='word_1_38' title='bbox 506 537 580 584; x_wconf 82' lang='lat' dir='ltr'><strong>IV,·</strong></span> <span class='ocrx_word' id='word_1_39' title='bbox 607 536 670 574; x_wconf 83' lang='lat'>63.</span> <span class='ocrx_word' id='word_1_40' title='bbox 693 537 757 574; x_wconf 71' lang='lat'>64.</span> 
     </span>
    </p>

    <p class='ocr_par' dir='ltr' id='par_1_3' title="bbox 124 598 1529 2206">
     <span class='ocr_line' id='line_1_7' title="bbox 239 598 1520 655; baseline -0.004 -14"><span class='ocrx_word' id='word_1_41' title='bbox 239 604 438 654; x_wconf 80' lang='lat'><strong>393—5.</strong></span> <span class='ocrx_word' id='word_1_42' title='bbox 495 603 760 655; x_wconf 83' lang='lat' dir='ltr'><strong>Apostrophe</strong></span> <span class='ocrx_word' id='word_1_43' title='bbox 801 603 851 642; x_wconf 84' lang='lat' dir='ltr'>ad</span> <span class='ocrx_word' id='word_1_44' title='bbox 894 604 1036 641; x_wconf 84' lang='lat' dir='ltr'>Ianum</span> <span class='ocrx_word' id='word_1_45' title='bbox 1070 614 1161 639; x_wconf 85' lang='lat' dir='ltr'>cum</span> <span class='ocrx_word' id='word_1_46' title='bbox 1200 613 1357 638; x_wconf 80' lang='lat' dir='ltr'>summa</span> <span class='ocrx_word' id='word_1_47' title='bbox 1381 629 1383 631; x_wconf 78' lang='grc'>.</span> <span class='ocrx_word' id='word_1_48' title='bbox 1405 598 1520 637; x_wconf 85' lang='lat' dir='ltr'>indi-</span> 
     </span>
     <span class='ocr_line' id='line_1_8' title="bbox 126 668 1520 720; baseline -0.004 -12"><span class='ocrx_word' id='word_1_49' title='bbox 126 670 342 720; x_wconf 83' lang='lat' dir='ltr'>gnatione,</span> <span class='ocrx_word' id='word_1_50' title='bbox 375 685 451 708; x_wconf 88' lang='lat' dir='ltr'>nec</span> <span class='ocrx_word' id='word_1_51' title='bbox 478 671 565 708; x_wconf 87' lang='lat' dir='ltr'>sine</span> <span class='ocrx_word' id='word_1_52' title='bbox 589 671 782 709; x_wconf 83' lang='lat' dir='ltr'>irrisione</span> <span class='ocrx_word' id='word_1_53' title='bbox 822 670 1005 708; x_wconf 86' lang='lat' dir='ltr'>deorum.</span> <span class='ocrx_word' id='word_1_54' title='bbox 1073 669 1138 706; x_wconf 87' lang='lat' dir='ltr'>Cf.</span> <span class='ocrx_word' id='word_1_55' title='bbox 1171 668 1227 712; x_wconf 88' lang='lat' dir='ltr'>II,</span> <span class='ocrx_word' id='word_1_56' title='bbox 1267 668 1408 706; x_wconf 79' lang='lat'><strong>126—-</strong></span> <span class='ocrx_word' id='word_1_57' title='bbox 1429 668 1520 704; x_wconf 78' lang='lat'>132.</span> 
     </span>
     <span class='ocr_line' id='line_1_9' title="bbox 124 735 1520 789; baseline -0.003 -14"><span class='ocrx_word' id='word_1_58' title='bbox 124 737 265 789; x_wconf 82' lang='lat' dir='ltr'>ibique</span> <span class='ocrx_word' id='word_1_59' title='bbox 283 743 368 776; x_wconf 80' lang='lat' dir='ltr'>not.</span> <span class='ocrx_word' id='word_1_60' title='bbox 425 739 574 788; x_wconf 82' lang='lat' dir='ltr'>Magna</span> <span class='ocrx_word' id='word_1_61' title='bbox 607 739 668 777; x_wconf 89' lang='lat' dir='ltr'>vis</span> <span class='ocrx_word' id='word_1_62' title='bbox 701 739 808 776; x_wconf 84' lang='lat' dir='ltr'>inest</span> <span class='ocrx_word' id='word_1_63' title='bbox 831 739 876 776; x_wconf 88' lang='lat' dir='ltr'>in</span> <span class='ocrx_word' id='word_1_64' title='bbox 911 738 1156 789; x_wconf 81' lang='lat' dir='ltr'>repetitione</span> <span class='ocrx_word' id='word_1_65' title='bbox 1180 736 1295 774; x_wconf 88' lang='lat' dir='ltr'>vocis</span> <span class='ocrx_word' id='word_1_66' title='bbox 1318 735 1387 773; x_wconf 70' lang='lat' dir='ltr'>die</span> <span class='ocrx_word' id='word_1_67' title='bbox 1406 740 1449 772; x_wconf 82' lang='lat' dir='ltr'>et</span> <span class='ocrx_word' id='word_1_68' title='bbox 1474 735 1520 772; x_wconf 82' lang='lat' dir='ltr'>in</span> 
     </span>
     <span class='ocr_line' id='line_1_10' title="bbox 126 800 1521 857; baseline -0.004 -14"><span class='ocrx_word' id='word_1_69' title='bbox 126 806 264 843; x_wconf 89' lang='lat' dir='ltr'>verbis</span> <span class='ocrx_word' id='word_1_70' title='bbox 299 808 588 857; x_wconf 72' lang='lat' dir='ltr'>antiquissime</span> <span class='ocrx_word' id='word_1_71' title='bbox 625 807 796 850; x_wconf 71' lang='lat' dir='ltr'>Divum.</span> <span class='ocrx_word' id='word_1_72' title='bbox 869 805 991 842; x_wconf 84' lang='lat' dir='ltr'>Ianus</span> <span class='ocrx_word' id='word_1_73' title='bbox 1025 806 1342 856; x_wconf 69' lang='lat' dir='ltr'>antiquissimas</span> <span class='ocrx_word' id='word_1_74' title='bbox 1378 800 1521 839; x_wconf 69' lang='lat' dir='ltr'>Italiae</span> 
     </span>
     <span class='ocr_line' id='line_1_11' title="bbox 126 869 1520 922; baseline -0.004 -11"><span class='ocrx_word' id='word_1_75' title='bbox 126 872 226 911; x_wconf 82' lang='lat' dir='ltr'>deus</span> <span class='ocrx_word' id='word_1_76' title='bbox 252 873 320 911; x_wconf 64' lang='lat' dir='ltr'>Vel</span> <span class='ocrx_word' id='word_1_77' title='bbox 341 872 475 910; x_wconf 82' lang='lat' dir='ltr'>heros.</span> <span class='ocrx_word' id='word_1_78' title='bbox 496 887 536 914; x_wconf 78' lang='lat' dir='ltr'>v,</span> <span class='ocrx_word' id='word_1_79' title='bbox 555 873 705 922; x_wconf 88' lang='lat' dir='ltr'>Heyne</span> <span class='ocrx_word' id='word_1_80' title='bbox 727 872 832 909; x_wconf 80' lang='lat' dir='ltr'>Exc.</span> <span class='ocrx_word' id='word_1_81' title='bbox 866 873 917 910; x_wconf 88' lang='lat' dir='ltr'>V.</span> <span class='ocrx_word' id='word_1_82' title='bbox 943 872 993 909; x_wconf 84' lang='lat' dir='ltr'>ad</span> <span class='ocrx_word' id='word_1_83' title='bbox 1019 873 1135 922; x_wconf 80' lang='lat' dir='ltr'>Virg.</span> <span class='ocrx_word' id='word_1_84' title='bbox 1162 870 1262 908; x_wconf 88' lang='lat' dir='ltr'>Aen.</span> <span class='ocrx_word' id='word_1_85' title='bbox 1289 871 1382 909; x_wconf 85' lang='lat' dir='ltr'><strong>VII.</strong></span> <span class='ocrx_word' id='word_1_86' title='bbox 1406 869 1520 906; x_wconf 62' lang='lat' dir='ltr'>Hine*</span> 
     </span>
     <span class='ocr_line' id='line_1_12' title="bbox 125 934 1525 994; baseline -0.005 -14"><span class='ocrx_word' id='word_1_87' title='bbox 125 947 166 980; x_wconf 84' lang='lat' dir='ltr'>et</span> <span class='ocrx_word' id='word_1_88' title='bbox 188 936 277 981; x_wconf 73' lang='grc' dir='ltr'><strong><em>κατ’</em></strong></span> <span class='ocrx_word' id='word_1_89' title='bbox 297 934 442 994; x_wconf 72' lang='grc' dir='ltr'>ἕξοχῆν</span> <span class='ocrx_word' id='word_1_90' title='bbox 461 948 587 991; x_wconf 73' lang='lat' dir='ltr'>pater·</span> <span class='ocrx_word' id='word_1_91' title='bbox 615 939 848 977; x_wconf 75' lang='lat' dir='ltr'>dicebatur:</span> <span class='ocrx_word' id='word_1_92' title='bbox 879 937 957 976; x_wconf 83' lang='lat' dir='ltr'>hoc</span> <span class='ocrx_word' id='word_1_93' title='bbox 987 939 1096 976; x_wconf 81' lang='lat' dir='ltr'>enim</span> <span class='ocrx_word' id='word_1_94' title='bbox 1122 945 1183 976; x_wconf 86' lang='lat' dir='ltr'>est</span> <span class='ocrx_word' id='word_1_95' title='bbox 1212 952 1299 976; x_wconf 90' lang='lat' dir='ltr'>voc.</span> <span class='ocrx_word' id='word_1_96' title='bbox 1337 936 1525 982; x_wconf 41' lang='lat' dir='ltr'>honori&amp;</span> 
     </span>
     <span class='ocr_line' id='line_1_13' title="bbox 124 1000 1520 1057; baseline -0.004 -11"><span class='ocrx_word' id='word_1_97' title='bbox 124 1000 380 1047; x_wconf 69' lang='lat' dir='ltr'>&#39;reverentiae</span> <span class='ocrx_word' id='word_1_98' title='bbox 395 1038 406 1056; x_wconf 82' lang='lat'><strong><em>,</em></strong></span> <span class='ocrx_word' id='word_1_99' title='bbox 448 1008 597 1045; x_wconf 83' lang='lat' dir='ltr'>amoris</span> <span class='ocrx_word' id='word_1_100' title='bbox 626 1021 671 1043; x_wconf 86' lang='lat' dir='ltr'>ac</span> <span class='ocrx_word' id='word_1_101' title='bbox 692 1006 921 1056; x_wconf 81' lang='lat' dir='ltr'>religionis,</span> <span class='ocrx_word' id='word_1_102' title='bbox 952 1005 1061 1057; x_wconf 83' lang='lat' dir='ltr'>quod</span> <span class='ocrx_word' id='word_1_103' title='bbox 1081 1006 1251 1056; x_wconf 85' lang='lat' dir='ltr'>proprie</span> <span class='ocrx_word' id='word_1_104' title='bbox 1272 1011 1314 1042; x_wconf 82' lang='lat' dir='ltr'>et</span> <span class='ocrx_word' id='word_1_105' title='bbox 1338 1004 1520 1055; x_wconf 81' lang='lat' dir='ltr'>primum</span> 
     </span>
     <span class='ocr_line' id='line_1_14' title="bbox 126 1071 1520 1124; baseline -0.004 -11"><span class='ocrx_word' id='word_1_106' title='bbox 126 1076 356 1113; x_wconf 84' lang='lat' dir='ltr'>senioribus</span> <span class='ocrx_word' id='word_1_107' title='bbox 390 1075 695 1124; x_wconf 78' lang='lat' dir='ltr'>maioribusque</span> <span class='ocrx_word' id='word_1_108' title='bbox 733 1073 831 1121; x_wconf 85' lang='lat' dir='ltr'>diis,</span> <span class='ocrx_word' id='word_1_109' title='bbox 870 1072 1016 1121; x_wconf 80' lang='lat' dir='ltr'>(etiam</span> <span class='ocrx_word' id='word_1_110' title='bbox 1045 1073 1166 1110; x_wconf 87' lang='lat' dir='ltr'>maris</span> <span class='ocrx_word' id='word_1_111' title='bbox 1196 1087 1242 1110; x_wconf 81' lang='lat' dir='ltr'>ac</span> <span class='ocrx_word' id='word_1_112' title='bbox 1270 1071 1520 1113; x_wconf 85' lang='lat' dir='ltr'>fluviorum)</span> 
     </span>
     <span class='ocr_line' id='line_1_15' title="bbox 129 1138 1521 1192; baseline -0.004 -11"><span class='ocrx_word' id='word_1_113' title='bbox 129 1143 277 1181; x_wconf 87' lang='lat' dir='ltr'>deinde</span> <span class='ocrx_word' id='word_1_114' title='bbox 297 1157 397 1181; x_wconf 82' lang='lat' dir='ltr'>vero</span> <span class='ocrx_word' id='word_1_115' title='bbox 420 1148 462 1180; x_wconf 87' lang='lat' dir='ltr'>et</span> <span class='ocrx_word' id='word_1_116' title='bbox 480 1142 649 1192; x_wconf 87' lang='lat' dir='ltr'>reliquis</span> <span class='ocrx_word' id='word_1_117' title='bbox 669 1140 847 1178; x_wconf 81' lang='lat' dir='ltr'>inditum</span> <span class='ocrx_word' id='word_1_118' title='bbox 877 1147 951 1178; x_wconf 84' lang='lat' dir='ltr'>est.</span> <span class='ocrx_word' id='word_1_119' title='bbox 982 1138 1041 1161; x_wconf 75' lang='lat'>¹0⁴</span> <span class='ocrx_word' id='word_1_120' title='bbox 1070 1157 1127 1171; x_wconf 82' lang='lat'>-—·</span> <span class='ocrx_word' id='word_1_121' title='bbox 1184 1140 1280 1191; x_wconf 75' lang='lat'><strong>394,</strong></span> <span class='ocrx_word' id='word_1_122' title='bbox 1312 1139 1400 1186; x_wconf 62' lang='lat' dir='ltr'>lais,</span> <span class='ocrx_word' id='word_1_123' title='bbox 1437 1144 1521 1175; x_wconf 65' lang='lat' dir='ltr'>fam</span> 
     </span>
     <span class='ocr_line' id='line_1_16' title="bbox 125 1207 1521 1263; baseline -0.006 -14"><span class='ocrx_word' id='word_1_124' title='bbox 125 1211 281 1263; x_wconf 83' lang='lat' dir='ltr'>putidis</span> <span class='ocrx_word' id='word_1_125' title='bbox 302 1210 551 1261; x_wconf 80' lang='lat' dir='ltr'>nefariisque</span> <span class='ocrx_word' id='word_1_126' title='bbox 573 1208 827 1255; x_wconf 80' lang='lat' dir='ltr'>mulieribus,</span> <span class='ocrx_word' id='word_1_127' title='bbox 855 1214 898 1245; x_wconf 86' lang='lat' dir='ltr'>et</span> <span class='ocrx_word' id='word_1_128' title='bbox 912 1207 962 1245; x_wconf 88' lang='lat' dir='ltr'>de</span> <span class='ocrx_word' id='word_1_129' title='bbox 981 1208 1132 1246; x_wconf 78' lang='lat' dir='ltr'>talibus</span> <span class='ocrx_word' id='word_1_130' title='bbox 1150 1208 1287 1255; x_wconf 84' lang='lat' dir='ltr'>rebus,</span> <span class='ocrx_word' id='word_1_131' title='bbox 1320 1217 1521 1256; x_wconf 78' lang='lat' dir='ltr'>responsa</span> 
     </span>
     <span class='ocr_line' id='line_1_17' title="bbox 129 1276 1521 1326; baseline -0.005 -10"><span class='ocrx_word' id='word_1_132' title='bbox 129 1279 218 1326; x_wconf 90' lang='lat' dir='ltr'>das,</span> <span class='ocrx_word' id='word_1_133' title='bbox 234 1278 315 1316; x_wconf 81' lang='lat' dir='ltr'>:vel</span> <span class='ocrx_word' id='word_1_134' title='bbox 340 1277 440 1315; x_wconf 83' lang='lat' dir='ltr'>adeo</span> <span class='ocrx_word' id='word_1_135' title='bbox 461 1278 611 1315; x_wconf 69' lang='lat' dir='ltr'>talibus</span> <span class='ocrx_word' id='word_1_136' title='bbox 633 1276 742 1313; x_wconf 75' lang='lat' dir='ltr'>votis</span> <span class='ocrx_word' id='word_1_137' title='bbox 777 1276 1020 1326; x_wconf 71' lang='lat' dir='ltr'>respondes,</span> <span class='ocrx_word' id='word_1_138' title='bbox 1058 1276 1244 1326; x_wconf 74' lang='lat' dir='ltr'>talesque</span> <span class='ocrx_word' id='word_1_139' title='bbox 1274 1286 1416 1325; x_wconf 84' lang='lat' dir='ltr'>preces</span> <span class='ocrx_word' id='word_1_140' title='bbox 1442 1285 1521 1309; x_wconf 85' lang='lat' dir='ltr'>ex-</span> 
     </span>
     <span class='ocr_line' id='line_1_18' title="bbox 128 1339 1521 1394; baseline -0.006 -10"><span class='ocrx_word' id='word_1_141' title='bbox 128 1347 243 1384; x_wconf 82' lang='lat' dir='ltr'>audis</span> <span class='ocrx_word' id='word_1_142' title='bbox 258 1346 295 1382; x_wconf 59' lang='lat'>?</span> <span class='ocrx_word' id='word_1_143' title='bbox 338 1343 462 1394; x_wconf 84' lang='lat' dir='ltr'>Quod</span> <span class='ocrx_word' id='word_1_144' title='bbox 481 1345 514 1381; x_wconf 87' lang='lat' dir='ltr'>si</span> <span class='ocrx_word' id='word_1_145' title='bbox 538 1343 637 1380; x_wconf 71' lang='lat' dir='ltr'>facis</span> <span class='ocrx_word' id='word_1_146' title='bbox 653 1372 662 1387; x_wconf 90' lang='lat'>,</span> <span class='ocrx_word' id='word_1_147' title='bbox 690 1358 848 1394; x_wconf 80' lang='lat' dir='ltr'>magna</span> <span class='ocrx_word' id='word_1_148' title='bbox 871 1348 968 1380; x_wconf 87' lang='lat' dir='ltr'>sunt</span> <span class='ocrx_word' id='word_1_149' title='bbox 985 1342 1128 1393; x_wconf 86' lang='lat' dir='ltr'>utique</span> <span class='ocrx_word' id='word_1_150' title='bbox 1149 1345 1236 1380; x_wconf 55' lang='lat' dir='ltr'>otia</span> <span class='ocrx_word' id='word_1_151' title='bbox 1257 1343 1384 1385; x_wconf 69' lang='lat' dir='ltr'>coeli,</span> <span class='ocrx_word' id='word_1_152' title='bbox 1418 1339 1456 1377; x_wconf 85' lang='lat' dir='ltr'>h.</span> <span class='ocrx_word' id='word_1_153' title='bbox 1485 1353 1521 1376; x_wconf 90' lang='lat' dir='ltr'>e.-</span> 
     </span>
     <span class='ocr_line' id='line_1_19' title="bbox 129 1409 1523 1464; baseline -0.006 -13"><span class='ocrx_word' id='word_1_154' title='bbox 129 1427 319 1464; x_wconf 84' lang='lat' dir='ltr'>magnum</span> <span class='ocrx_word' id='word_1_155' title='bbox 351 1418 413 1449; x_wconf 87' lang='lat' dir='ltr'>est</span> <span class='ocrx_word' id='word_1_156' title='bbox 447 1412 579 1449; x_wconf 74' lang='lat' dir='ltr'>otium</span> <span class='ocrx_word' id='word_1_157' title='bbox 609 1411 816 1457; x_wconf 85' lang='lat' dir='ltr'>Deorum,</span> <span class='ocrx_word' id='word_1_158' title='bbox 856 1424 931 1447; x_wconf 88' lang='lat' dir='ltr'>nee</span> <span class='ocrx_word' id='word_1_159' title='bbox 954 1409 1066 1446; x_wconf 76' lang='lat' dir='ltr'>aliud</span> <span class='ocrx_word' id='word_1_160' title='bbox 1085 1409 1286 1459; x_wconf 84' lang='lat' dir='ltr'>gravioris</span> <span class='ocrx_word' id='word_1_161' title='bbox 1311 1409 1523 1455; x_wconf 72' lang='lat' dir='ltr'>momenti,</span> 
     </span>
     <span class='ocr_line' id='line_1_20' title="bbox 130 1474 1522 1533; baseline -0.005 -15"><span class='ocrx_word' id='word_1_162' title='bbox 130 1481 240 1533; x_wconf 82' lang='lat' dir='ltr'>quod</span> <span class='ocrx_word' id='word_1_163' title='bbox 275 1487 409 1531; x_wconf 80' lang='lat' dir='ltr'><em>agant</em></span> <span class='ocrx_word' id='word_1_164' title='bbox 445 1484 486 1515; x_wconf 89' lang='lat' dir='ltr'>et</span> <span class='ocrx_word' id='word_1_165' title='bbox 517 1484 674 1515; x_wconf 82' lang='lat' dir='ltr'>curent.</span> <span class='ocrx_word' id='word_1_166' title='bbox 732 1477 860 1514; x_wconf 86' lang='lat' dir='ltr'>Poeta</span> <span class='ocrx_word' id='word_1_167' title='bbox 877 1477 1110 1527; x_wconf 77' lang='lat' dir='ltr'>respexisse</span> <span class='ocrx_word' id='word_1_168' title='bbox 1131 1483 1172 1513; x_wconf 86' lang='lat' dir='ltr'>et</span> <span class='ocrx_word' id='word_1_169' title='bbox 1193 1477 1370 1514; x_wconf 86' lang='lat' dir='ltr'>irrisisse</span> <span class='ocrx_word' id='word_1_170' title='bbox 1397 1474 1522 1513; x_wconf 81' lang='lat' dir='ltr'>vide·-</span> 
     </span>
     <span class='ocr_line' id='line_1_21' title="bbox 128 1543 1523 1597; baseline -0.006 -11"><span class='ocrx_word' id='word_1_171' title='bbox 128 1554 199 1586; x_wconf 84' lang='lat' dir='ltr'>tur</span> <span class='ocrx_word' id='word_1_172' title='bbox 224 1547 368 1597; x_wconf 83' lang='lat' dir='ltr'>dogma</span> <span class='ocrx_word' id='word_1_173' title='bbox 391 1545 705 1596; x_wconf 83' lang='lat' dir='ltr'>Epicureorum,</span> <span class='ocrx_word' id='word_1_174' title='bbox 733 1545 804 1596; x_wconf 88' lang='lat' dir='ltr'>qui</span> <span class='ocrx_word' id='word_1_175' title='bbox 823 1544 936 1581; x_wconf 92' lang='lat' dir='ltr'>Deos</span> <span class='ocrx_word' id='word_1_176' title='bbox 961 1543 1004 1580; x_wconf 90' lang='lat' dir='ltr'>in</span> <span class='ocrx_word' id='word_1_177' title='bbox 1027 1549 1229 1595; x_wconf 86' lang='lat' dir='ltr'>perpetuo</span> <span class='ocrx_word' id='word_1_178' title='bbox 1249 1544 1333 1582; x_wconf 84' lang='lat' dir='ltr'>otio</span> <span class='ocrx_word' id='word_1_179' title='bbox 1354 1549 1523 1593; x_wconf 75' lang='lat' dir='ltr'>tempus</span> 
     </span>
     <span class='ocr_line' id='line_1_22' title="bbox 127 1604 1521 1663; baseline -0.006 -9"><span class='ocrx_word' id='word_1_180' title='bbox 127 1615 308 1654; x_wconf 77' lang='lat' dir='ltr'>feliciter</span> <span class='ocrx_word' id='word_1_181' title='bbox 332 1611 577 1661; x_wconf 82' lang='lat' dir='ltr'>transigere,</span> <span class='ocrx_word' id='word_1_182' title='bbox 606 1624 740 1662; x_wconf 84' lang='lat' dir='ltr'>neque</span> <span class='ocrx_word' id='word_1_183' title='bbox 761 1624 828 1648; x_wconf 87' lang='lat' dir='ltr'>res</span> <span class='ocrx_word' id='word_1_184' title='bbox 853 1610 1048 1649; x_wconf 85' lang='lat' dir='ltr'>humanas</span> <span class='ocrx_word' id='word_1_185' title='bbox 1071 1625 1218 1649; x_wconf 85' lang='lat' dir='ltr'>curare</span> <span class='ocrx_word' id='word_1_186' title='bbox 1240 1611 1447 1663; x_wconf 77' lang='lat' dir='ltr'>putabant.</span> <span class='ocrx_word' id='word_1_187' title='bbox 1465 1604 1521 1629; x_wconf 76' lang='lat'>¹0⁵</span> 
     </span>
     <span class='ocr_line' id='line_1_23' title="bbox 129 1676 1520 1730; baseline -0.005 -9"><span class='ocrx_word' id='word_1_188' title='bbox 129 1687 188 1722; x_wconf 87' lang='lat' dir='ltr'>At</span> <span class='ocrx_word' id='word_1_189' title='bbox 210 1682 340 1720; x_wconf 74' lang='lat' dir='ltr'>multo</span> <span class='ocrx_word' id='word_1_190' title='bbox 363 1679 608 1718; x_wconf 76' lang='lat' dir='ltr'>invidiosius</span> <span class='ocrx_word' id='word_1_191' title='bbox 632 1678 757 1726; x_wconf 84' lang='lat' dir='ltr'>dicit,</span> <span class='ocrx_word' id='word_1_192' title='bbox 785 1678 899 1715; x_wconf 91' lang='lat' dir='ltr'>Deos</span> <span class='ocrx_word' id='word_1_193' title='bbox 922 1678 1086 1730; x_wconf 86' lang='lat' dir='ltr'>quidem</span> <span class='ocrx_word' id='word_1_194' title='bbox 1107 1692 1251 1716; x_wconf 86' lang='lat' dir='ltr'>curare</span> <span class='ocrx_word' id='word_1_195' title='bbox 1271 1692 1336 1716; x_wconf 87' lang='lat' dir='ltr'>res</span> <span class='ocrx_word' id='word_1_196' title='bbox 1369 1676 1520 1714; x_wconf 86' lang='lat' dir='ltr'>huma-</span> 
     </span>
     <span class='ocr_line' id='line_1_24' title="bbox 129 1743 1525 1799; baseline -0.007 -11"><span class='ocrx_word' id='word_1_197' title='bbox 129 1765 218 1799; x_wconf 79' lang='lat' dir='ltr'>nas,</span> <span class='ocrx_word' id='word_1_198' title='bbox 244 1749 316 1786; x_wconf 87' lang='lat' dir='ltr'>sed</span> <span class='ocrx_word' id='word_1_199' title='bbox 343 1761 409 1785; x_wconf 86' lang='lat' dir='ltr'>eas</span> <span class='ocrx_word' id='word_1_200' title='bbox 431 1752 614 1790; x_wconf 79' lang='lat' dir='ltr'>tantum,</span> <span class='ocrx_word' id='word_1_201' title='bbox 640 1761 740 1797; x_wconf 82' lang='lat' dir='ltr'>quae</span> <span class='ocrx_word' id='word_1_202' title='bbox 765 1746 947 1798; x_wconf 84' lang='lat' dir='ltr'>ipsorum</span> <span class='ocrx_word' id='word_1_203' title='bbox 978 1759 1076 1783; x_wconf 81' lang='lat' dir='ltr'>cura</span> <span class='ocrx_word' id='word_1_204' title='bbox 1099 1745 1404 1796; x_wconf 76' lang='lat' dir='ltr'>indignissimae</span> <span class='ocrx_word' id='word_1_205' title='bbox 1425 1743 1525 1789; x_wconf 79' lang='lat' dir='ltr'>sint,·</span> 
     </span>
     <span class='ocr_line' id='line_1_25' title="bbox 132 1813 1524 1869; baseline -0.006 -13"><span class='ocrx_word' id='word_1_206' title='bbox 132 1816 388 1869; x_wconf 83' lang='lat' dir='ltr'>gravissimas</span> <span class='ocrx_word' id='word_1_207' title='bbox 409 1828 509 1853; x_wconf 85' lang='lat' dir='ltr'>vero</span> <span class='ocrx_word' id='word_1_208' title='bbox 541 1814 761 1864; x_wconf 81' lang='lat' dir='ltr'>negligere.</span> <span class='ocrx_word' id='word_1_209' title='bbox 871 1813 968 1864; x_wconf 81' lang='lat'><strong>396.</strong></span> <span class='ocrx_word' id='word_1_210' title='bbox 1009 1814 1132 1849; x_wconf 84' lang='lat' dir='ltr'>Haec</span> <span class='ocrx_word' id='word_1_211' title='bbox 1164 1820 1205 1849; x_wconf 78' lang='lat' dir='ltr'>et</span> <span class='ocrx_word' id='word_1_212' title='bbox 1237 1814 1315 1849; x_wconf 77' lang='lat' dir='ltr'>illa</span> <span class='ocrx_word' id='word_1_213' title='bbox 1344 1825 1398 1849; x_wconf 86' lang='lat' dir='ltr'>sc.</span> <span class='ocrx_word' id='word_1_214' title='bbox 1425 1824 1524 1848; x_wconf 78' lang='lat' dir='ltr'>mu·-</span> 
     </span>
     <span class='ocr_line' id='line_1_26' title="bbox 131 1877 1522 1934; baseline -0.006 -11"><span class='ocrx_word' id='word_1_215' title='bbox 131 1885 231 1934; x_wconf 76' lang='lat' dir='ltr'>lier,</span> <span class='ocrx_word' id='word_1_216' title='bbox 275 1883 451 1922; x_wconf 67' lang='lat' dir='ltr'>consulit</span> <span class='ocrx_word' id='word_1_217' title='bbox 485 1890 549 1924; x_wconf 78' lang='lat' dir='ltr'>te,</span> <span class='ocrx_word' id='word_1_218' title='bbox 585 1895 727 1932; x_wconf 85' lang='lat' dir='ltr'>propr.</span> <span class='ocrx_word' id='word_1_219' title='bbox 748 1880 956 1931; x_wconf 75' lang='lat' dir='ltr'>haruspex</span> <span class='ocrx_word' id='word_1_220' title='bbox 982 1885 1077 1917; x_wconf 80' lang='lat' dir='ltr'>exta</span> <span class='ocrx_word' id='word_1_221' title='bbox 1098 1885 1140 1916; x_wconf 80' lang='lat' dir='ltr'>et</span> <span class='ocrx_word' id='word_1_222' title='bbox 1167 1879 1337 1927; x_wconf 85' lang='lat' dir='ltr'>deinde,</span> <span class='ocrx_word' id='word_1_223' title='bbox 1362 1877 1426 1915; x_wconf 83' lang='lat' dir='ltr'>his</span> <span class='ocrx_word' id='word_1_224' title='bbox 1452 1878 1522 1914; x_wconf 87' lang='lat' dir='ltr'>in·-</span> 
     </span>
     <span class='ocr_line' id='line_1_27' title="bbox 133 1944 1529 2005; baseline -0.007 -13"><span class='ocrx_word' id='word_1_225' title='bbox 133 1954 305 2005; x_wconf 70' lang='lat' dir='ltr'>spoetis,</span> <span class='ocrx_word' id='word_1_226' title='bbox 344 1950 480 1987; x_wconf 83' lang='lat' dir='ltr'>deum.</span> <span class='ocrx_word' id='word_1_227' title='bbox 610 1950 653 1986; x_wconf 88' lang='lat' dir='ltr'><em>V</em></span> <span class='ocrx_word' id='word_1_228' title='bbox 651 1951 838 1986; x_wconf 69' lang='lat' dir='ltr'>arieoszas</span> <span class='ocrx_word' id='word_1_229' title='bbox 869 1947 1041 1995; x_wconf 83' lang='lat' dir='ltr'>(licitur,</span> <span class='ocrx_word' id='word_1_230' title='bbox 1088 1948 1158 1999; x_wconf 82' lang='lat' dir='ltr'>qui</span> <span class='ocrx_word' id='word_1_231' title='bbox 1192 1949 1374 1990; x_wconf 68' lang='lat' dir='ltr'>varices,</span> <span class='ocrx_word' id='word_1_232' title='bbox 1412 1944 1453 1982; x_wconf 89' lang='lat' dir='ltr'>h.</span> <span class='ocrx_word' id='word_1_233' title='bbox 1483 1959 1529 1983; x_wconf 82' lang='lat' dir='ltr'>e.-</span> 
     </span>
     <span class='ocr_line' id='line_1_28' title="bbox 131 2012 1521 2066; baseline -0.006 -9"><span class='ocrx_word' id='word_1_234' title='bbox 131 2033 256 2063; x_wconf 66' lang='lat' dir='ltr'>vcnas</span> <span class='ocrx_word' id='word_1_235' title='bbox 289 2019 605 2055; x_wconf 70' lang='lat' dir='ltr'>intumescentes</span> <span class='ocrx_word' id='word_1_236' title='bbox 636 2016 679 2053; x_wconf 90' lang='lat' dir='ltr'>in</span> <span class='ocrx_word' id='word_1_237' title='bbox 702 2016 912 2063; x_wconf 87' lang='lat' dir='ltr'>cruribus,</span> <span class='ocrx_word' id='word_1_238' title='bbox 952 2014 1148 2065; x_wconf 82' lang='lat' dir='ltr'>(flemina</span> <span class='ocrx_word' id='word_1_239' title='bbox 1171 2029 1233 2066; x_wconf 87' lang='lat' dir='ltr'>ap.</span> <span class='ocrx_word' id='word_1_240' title='bbox 1257 2014 1390 2052; x_wconf 85' lang='lat' dir='ltr'><strong>Plaut.</strong></span> <span class='ocrx_word' id='word_1_241' title='bbox 1413 2012 1521 2064; x_wconf 87' lang='lat' dir='ltr'>Epi-</span> 
     </span>
     <span class='ocr_line' id='line_1_29' title="bbox 135 2081 1529 2134; baseline -0.005 -11"><span class='ocrx_word' id='word_1_242' title='bbox 135 2087 214 2123; x_wconf 79' lang='lat' dir='ltr'>dic.</span> <span class='ocrx_word' id='word_1_243' title='bbox 257 2085 308 2132; x_wconf 83' lang='lat' dir='ltr'>V,</span> <span class='ocrx_word' id='word_1_244' title='bbox 354 2096 392 2131; x_wconf 84' lang='lat'>2,</span> <span class='ocrx_word' id='word_1_245' title='bbox 428 2084 463 2121; x_wconf 88' lang='lat'>5.</span> <span class='ocrx_word' id='word_1_246' title='bbox 498 2083 569 2120; x_wconf 82' lang='lat' dir='ltr'>ubi</span> <span class='ocrx_word' id='word_1_247' title='bbox 594 2097 643 2131; x_wconf 33' lang='grc' dir='ltr'>δν.</span> <span class='ocrx_word' id='word_1_248' title='bbox 683 2083 832 2133; x_wconf 85' lang='lat' dir='ltr'>Gron.)</span> <span class='ocrx_word' id='word_1_249' title='bbox 878 2081 1022 2132; x_wconf 84' lang='lat' dir='ltr'>habet,</span> <span class='ocrx_word' id='word_1_250' title='bbox 1077 2083 1272 2134; x_wconf 82' lang='lat' dir='ltr'>sanguine</span> <span class='ocrx_word' id='word_1_251' title='bbox 1305 2081 1529 2130; x_wconf 49' lang='lat' dir='ltr'>crassiore,</span> 
     </span>
     <span class='ocr_line' id='line_1_30' title="bbox 135 2149 1522 2206; baseline -0.006 -14"><span class='ocrx_word' id='word_1_252' title='bbox 135 2159 306 2206; x_wconf 83' lang='lat' dir='ltr'>propter</span> <span class='ocrx_word' id='word_1_253' title='bbox 335 2150 567 2189; x_wconf 79' lang='lat' dir='ltr'>diuturnam</span> <span class='ocrx_word' id='word_1_254' title='bbox 592 2151 855 2202; x_wconf 82' lang='lat' dir='ltr'>potissimum</span> <span class='ocrx_word' id='word_1_255' title='bbox 887 2152 1125 2199; x_wconf 77' lang='lat' dir='ltr'>stationem,</span> <span class='ocrx_word' id='word_1_256' title='bbox 1156 2150 1350 2188; x_wconf 87' lang='lat' dir='ltr'>deorsum</span> <span class='ocrx_word' id='word_1_257' title='bbox 1370 2149 1414 2186; x_wconf 89' lang='lat' dir='ltr'>in</span> <span class='ocrx_word' id='word_1_258' title='bbox 1443 2161 1522 2198; x_wconf 86' lang='lat' dir='ltr'>pe-</span> 
     </span>
    </p>
   </div>
   <div class='ocr_carea' id='block_1_3' title="bbox 135 2215 689 2270">
    <p class='ocr_par' dir='ltr' id='par_1_4' title="bbox 135 2215 689 2270">
     <span class='ocr_line' id='line_1_31' title="bbox 135 2215 689 2270; baseline -0.005 -11"><span class='ocrx_word' id='word_1_259' title='bbox 135 2221 234 2259; x_wconf 82' lang='lat' dir='ltr'>dum</span> <span class='ocrx_word' id='word_1_260' title='bbox 255 2232 378 2258; x_wconf 85' lang='lat' dir='ltr'>venas</span> <span class='ocrx_word' id='word_1_261' title='bbox 413 2218 578 2270; x_wconf 86' lang='lat' dir='ltr'>delapso</span> <span class='ocrx_word' id='word_1_262' title='bbox 592 2247 604 2268; x_wconf 90' lang='lat'><strong><em>,</em></strong></span> <span class='ocrx_word' id='word_1_263' title='bbox 632 2215 689 2239; x_wconf 75' lang='lat'>²0⁶</span> 
     </span>
    </p>
   </div>
   <div class='ocr_carea' id='block_1_4' title="bbox 139 2215 1528 2728">
    <p class='ocr_par' dir='ltr' id='par_1_5' title="bbox 188 2215 1521 2384">
     <span class='ocr_line' id='line_1_32' title="bbox 747 2215 1521 2271; baseline -0.006 -14"><span class='ocrx_word' id='word_1_264' title='bbox 747 2218 884 2271; x_wconf 84' lang='lat' dir='ltr'>quales</span> <span class='ocrx_word' id='word_1_265' title='bbox 908 2218 1026 2257; x_wconf 84' lang='lat' dir='ltr'>fuere</span> <span class='ocrx_word' id='word_1_266' title='bbox 1062 2217 1234 2266; x_wconf 83' lang='lat' dir='ltr'>Cicero,</span> <span class='ocrx_word' id='word_1_267' title='bbox 1261 2215 1318 2238; x_wconf 82' lang='lat'>¹0⁷</span> <span class='ocrx_word' id='word_1_268' title='bbox 1386 2215 1521 2254; x_wconf 82' lang='lat' dir='ltr'>Mari-</span> 
     </span>
     <span class='ocr_line' id='line_1_33' title="bbox 188 2335 1521 2384; baseline -0.005 -10"><span class='ocrx_word' id='word_1_269' title='bbox 188 2341 264 2374; x_wconf 59' lang='lat'>104.</span> <span class='ocrx_word' id='word_1_270' title='bbox 295 2339 350 2372; x_wconf 88' lang='lat' dir='ltr'>Cf.</span> <span class='ocrx_word' id='word_1_271' title='bbox 370 2338 469 2380; x_wconf 86' lang='lat' dir='ltr'>XIII,</span> <span class='ocrx_word' id='word_1_272' title='bbox 484 2340 540 2373; x_wconf 88' lang='lat'>81.</span> <span class='ocrx_word' id='word_1_273' title='bbox 562 2340 682 2384; x_wconf 83' lang='lat' dir='ltr'>Iutpp.</span> <span class='ocrx_word' id='word_1_274' title='bbox 699 2340 801 2383; x_wconf 74' lang='lat' dir='ltr'>Vix-g.</span> <span class='ocrx_word' id='word_1_275' title='bbox 904 2340 984 2379; x_wconf 72' lang='grc'><strong>106.</strong></span> <span class='ocrx_word' id='word_1_276' title='bbox 1016 2351 1047 2372; x_wconf 85' lang='lat' dir='ltr'>v.</span> <span class='ocrx_word' id='word_1_277' title='bbox 1068 2339 1274 2381; x_wconf 84' lang='lat' dir='ltr'>Hippocrat.</span> <span class='ocrx_word' id='word_1_278' title='bbox 1301 2336 1439 2380; x_wconf 82' lang='lat' dir='ltr'>Aphor.</span> <span class='ocrx_word' id='word_1_279' title='bbox 1461 2335 1521 2377; x_wconf 81' lang='lat' dir='ltr'>VI,</span> 
     </span>
    </p>

    <p class='ocr_par' dir='ltr' id='par_1_6' title="bbox 139 2394 1524 2440">
     <span class='ocr_line' id='line_1_34' title="bbox 139 2394 1524 2440; baseline -0.004 -8"><span class='ocrx_word' id='word_1_280' title='bbox 139 2399 226 2432; x_wconf 86' lang='lat' dir='ltr'>Aen.</span> <span class='ocrx_word' id='word_1_281' title='bbox 255 2396 286 2439; x_wconf 68' lang='lat'>1,</span> <span class='ocrx_word' id='word_1_282' title='bbox 314 2394 390 2429; x_wconf 83' lang='lat'>155.</span> <span class='ocrx_word' id='word_1_283' title='bbox 419 2396 537 2430; x_wconf 77' lang='lat' dir='ltr'>valer.</span> <span class='ocrx_word' id='word_1_284' title='bbox 560 2398 615 2430; x_wconf 86' lang='lat' dir='ltr'>Fl.</span> <span class='ocrx_word' id='word_1_285' title='bbox 634 2400 658 2440; x_wconf 84' lang='lat' dir='ltr'>l,</span> <span class='ocrx_word' id='word_1_286' title='bbox 690 2409 739 2432; x_wconf 83' lang='lat'>11.</span> <span class='ocrx_word' id='word_1_287' title='bbox 767 2405 802 2430; x_wconf 81' lang='lat' dir='ltr'>et</span> <span class='ocrx_word' id='word_1_288' title='bbox 821 2416 825 2422; x_wconf 91' lang='lat'>-</span> <span class='ocrx_word' id='word_1_289' title='bbox 858 2409 913 2431; x_wconf 71' lang='lat'>21.</span> <span class='ocrx_word' id='word_1_290' title='bbox 940 2397 1032 2429; x_wconf 84' lang='lat' dir='ltr'>Cels.</span> <span class='ocrx_word' id='word_1_291' title='bbox 1053 2396 1132 2438; x_wconf 81' lang='lat' dir='ltr'>VH,</span> <span class='ocrx_word' id='word_1_292' title='bbox 1150 2397 1182 2428; x_wconf 89' lang='lat'>8.</span> <span class='ocrx_word' id='word_1_293' title='bbox 1205 2408 1257 2440; x_wconf 88' lang='lat'>17.</span> <span class='ocrx_word' id='word_1_294' title='bbox 1280 2403 1314 2427; x_wconf 83' lang='lat' dir='ltr'>et</span> <span class='ocrx_word' id='word_1_295' title='bbox 1335 2395 1390 2427; x_wconf 80' lang='lat'>51.</span> <span class='ocrx_word' id='word_1_296' title='bbox 1411 2394 1524 2436; x_wconf 36' lang='lat' dir='ltr'>Aegi*</span> 
     </span>
    </p>

    <p class='ocr_par' dir='ltr' id='par_1_7' title="bbox 141 2454 1522 2553">
     <span class='ocr_line' id='line_1_35' title="bbox 141 2454 1522 2496; baseline -0.004 -7"><span class='ocrx_word' id='word_1_297' title='bbox 141 2457 283 2490; x_wconf 70' lang='lat' dir='ltr'>Petron.</span> <span class='ocrx_word' id='word_1_298' title='bbox 305 2465 334 2485; x_wconf 90' lang='lat' dir='ltr'>c.</span> <span class='ocrx_word' id='word_1_299' title='bbox 356 2454 412 2486; x_wconf 78' lang='lat'>41.</span> <span class='ocrx_word' id='word_1_300' title='bbox 861 2464 943 2488; x_wconf 86' lang='lat' dir='ltr'>neta</span> <span class='ocrx_word' id='word_1_301' title='bbox 967 2455 1029 2496; x_wconf 81' lang='lat' dir='ltr'>Vl,</span> <span class='ocrx_word' id='word_1_302' title='bbox 1055 2454 1112 2487; x_wconf 82' lang='lat'>82.</span> <span class='ocrx_word' id='word_1_303' title='bbox 1135 2462 1167 2485; x_wconf 87' lang='lat' dir='ltr'>et</span> <span class='ocrx_word' id='word_1_304' title='bbox 1185 2454 1362 2486; x_wconf 83' lang='lat' dir='ltr'>Avicenna</span> <span class='ocrx_word' id='word_1_305' title='bbox 1380 2454 1522 2495; x_wconf 86' lang='lat' dir='ltr'>passim.</span> 
     </span>
     <span class='ocr_line' id='line_1_36' title="bbox 191 2507 1522 2553; baseline -0.002 -9"><span class='ocrx_word' id='word_1_306' title='bbox 191 2512 268 2544; x_wconf 80' lang='lat'>105.</span> <span class='ocrx_word' id='word_1_307' title='bbox 315 2509 372 2542; x_wconf 84' lang='lat' dir='ltr'>Cf.</span> <span class='ocrx_word' id='word_1_308' title='bbox 395 2510 534 2544; x_wconf 86' lang='lat' dir='ltr'>Lucret.</span> <span class='ocrx_word' id='word_1_309' title='bbox 559 2510 618 2551; x_wconf 89' lang='lat' dir='ltr'>VI,</span> <span class='ocrx_word' id='word_1_310' title='bbox 645 2507 699 2551; x_wconf 66' lang='lat'>57.</span> <span class='ocrx_word' id='word_1_311' title='bbox 728 2511 806 2543; x_wconf 89' lang='lat' dir='ltr'>Ho-</span> <span class='ocrx_word' id='word_1_312' title='bbox 864 2512 919 2545; x_wconf 90' lang='lat' dir='ltr'>Ad</span> <span class='ocrx_word' id='word_1_313' title='bbox 949 2513 1141 2544; x_wconf 80' lang='lat' dir='ltr'>militarem</span> <span class='ocrx_word' id='word_1_314' title='bbox 1178 2512 1331 2553; x_wconf 84' lang='lat' dir='ltr'>corporis</span> <span class='ocrx_word' id='word_1_315' title='bbox 1366 2511 1522 2553; x_wconf 84' lang='lat' dir='ltr'>speciem</span> 
     </span>
    </p>

    <p class='ocr_par' dir='ltr' id='par_1_8' title="bbox 140 2567 1524 2610">
     <span class='ocr_line' id='line_1_37' title="bbox 140 2567 1524 2610; baseline -0.004 -8"><span class='ocrx_word' id='word_1_316' title='bbox 140 2579 207 2609; x_wconf 64' lang='lat' dir='ltr'>rat.</span> <span class='ocrx_word' id='word_1_317' title='bbox 238 2569 308 2602; x_wconf 85' lang='lat' dir='ltr'>Sat.</span> <span class='ocrx_word' id='word_1_318' title='bbox 330 2568 421 2610; x_wconf 59' lang='grc'>1,,5,</span> <span class='ocrx_word' id='word_1_319' title='bbox 446 2578 505 2599; x_wconf 86' lang='grc'>101</span> <span class='ocrx_word' id='word_1_320' title='bbox 532 2578 604 2609; x_wconf 83' lang='lat' dir='ltr'>seq.</span> <span class='ocrx_word' id='word_1_321' title='bbox 651 2568 732 2600; x_wconf 87' lang='lat' dir='ltr'>Seu.</span> <span class='ocrx_word' id='word_1_322' title='bbox 760 2567 804 2600; x_wconf 85' lang='lat' dir='ltr'>de</span> <span class='ocrx_word' id='word_1_323' title='bbox 862 2578 896 2601; x_wconf 91' lang='lat' dir='ltr'>et</span> <span class='ocrx_word' id='word_1_324' title='bbox 923 2569 1152 2600; x_wconf 83' lang='lat' dir='ltr'>rusticitatem</span> <span class='ocrx_word' id='word_1_325' title='bbox 1179 2567 1330 2600; x_wconf 82' lang='lat' dir='ltr'>refertur</span> <span class='ocrx_word' id='word_1_326' title='bbox 1358 2567 1425 2600; x_wconf 86' lang='lat' dir='ltr'>hoc</span> <span class='ocrx_word' id='word_1_327' title='bbox 1444 2568 1524 2610; x_wconf 67' lang='lat' dir='ltr'>epi-</span> 
     </span>
    </p>

    <p class='ocr_par' dir='ltr' id='par_1_9' title="bbox 146 2625 1267 2669">
     <span class='ocr_line' id='line_1_38' title="bbox 146 2625 1267 2669; baseline -0.003 -10"><span class='ocrx_word' id='word_1_328' title='bbox 146 2628 232 2659; x_wconf 84' lang='lat' dir='ltr'>Ben.</span> <span class='ocrx_word' id='word_1_329' title='bbox 258 2626 323 2665; x_wconf 80' lang='lat' dir='ltr'>IV,</span> <span class='ocrx_word' id='word_1_330' title='bbox 358 2626 391 2658; x_wconf 84' lang='lat'>4.</span> <span class='ocrx_word' id='word_1_331' title='bbox 431 2625 573 2667; x_wconf 66' lang='lat' dir='ltr'>Menag‚</span> <span class='ocrx_word' id='word_1_332' title='bbox 613 2625 657 2659; x_wconf 86' lang='lat' dir='ltr'>ad</span> <span class='ocrx_word' id='word_1_333' title='bbox 697 2627 804 2669; x_wconf 75' lang='lat' dir='ltr'>Diog.</span> <span class='ocrx_word' id='word_1_334' title='bbox 863 2626 986 2659; x_wconf 73' lang='lat' dir='ltr'>theton</span> <span class='ocrx_word' id='word_1_335' title='bbox 1006 2625 1101 2660; x_wconf 84' lang='lat' dir='ltr'>Pers.</span> <span class='ocrx_word' id='word_1_336' title='bbox 1122 2625 1166 2663; x_wconf 86' lang='lat' dir='ltr'>V,</span> <span class='ocrx_word' id='word_1_337' title='bbox 1192 2625 1267 2669; x_wconf 78' lang='lat'>189.</span> 
     </span>
    </p>

    <p class='ocr_par' dir='ltr' id='par_1_10' title="bbox 145 2675 1528 2728">
     <span class='ocr_line' id='line_1_39' title="bbox 145 2675 1528 2728; baseline -0.011 4"><span class='ocrx_word' id='word_1_338' title='bbox 145 2684 259 2717; x_wconf 59' lang='lat' dir='ltr'>Law-</span> <span class='ocrx_word' id='word_1_339' title='bbox 285 2683 348 2717; x_wconf 74' lang='lat' dir='ltr'>ub.</span> <span class='ocrx_word' id='word_1_340' title='bbox 369 2682 415 2717; x_wconf 81' lang='lat' dir='ltr'>X·</span> <span class='ocrx_word' id='word_1_341' title='bbox 436 2682 469 2728; x_wconf 60' lang='grc' dir='ltr'>ὗ·</span> <span class='ocrx_word' id='word_1_342' title='bbox 497 2694 551 2728; x_wconf 82' lang='lat'>77·</span> <span class='ocrx_word' id='word_1_343' title='bbox 628 2675 634 2678; x_wconf 73' lang='grc'><strong>’</strong></span> <span class='ocrx_word' id='word_1_344' title='bbox 915 2695 994 2728; x_wconf 81' lang='lat'><strong>107.</strong></span> <span class='ocrx_word' id='word_1_345' title='bbox 1024 2694 1058 2718; x_wconf 71' lang='lat' dir='ltr'>v.</span> <span class='ocrx_word' id='word_1_346' title='bbox 1089 2682 1262 2728; x_wconf 68' lang='lat' dir='ltr'>Quinem.</span> <span class='ocrx_word' id='word_1_347' title='bbox 1293 2681 1357 2727; x_wconf 81' lang='lat' dir='ltr'>XI,</span> <span class='ocrx_word' id='word_1_348' title='bbox 1383 2682 1416 2727; x_wconf 74' lang='lat'>5,</span> <span class='ocrx_word' id='word_1_349' title='bbox 1450 2681 1528 2719; x_wconf 60' lang='lat'>145.-</span> 
     </span>
    </p>
   </div>
  </div>
 </body>
</html>
