1686 3089
173 175 257 224 586
578 164 1155 216 COMMENTARIVS

171 307 268 335 210.
297 292 418 337 cedo,
449 290 547 344 quid
566 296 703 329 autem
726 289 847 338 dices,
875 295 1104 342 quantaque
1125 291 1219 330 eum
1239 304 1369 343 poena
1386 292 1555 344 dignum

172 362 383 410 censebis,
412 362 452 397 si
476 367 627 398 conata
641 347 842 409 peregit?
864 370 904 395 v.
930 358 980 396 ad
1004 359 1077 407 VI,
1101 359 1192 397 504.

285 444 363 470 211
401 441 481 479 seq.
543 427 722 464 venusta
747 425 879 475 imago
900 424 1099 475 hominis,
1127 426 1255 464 malae
1281 428 1553 466 conscientiae

168 498 377 540 eruciatus
396 495 618 534 sentientis.
674 493 884 541 „Verbum
908 496 1122 538 anxietas,
1154 499 1201 530 ut
1237 493 1342 532 Gall.
1373 496 1551 539 anxie'tb,

167 567 222 606 ad
252 564 476 619 pingendos
509 560 784 600 conscientiae
822 573 979 598 morsus
1012 561 1265 612 aptissimum
1299 567 1360 599 est
1390 567 1433 598 et
1461 561 1552 599 sere

166 636 358 673 unicum:
397 631 535 669 differt
574 634 709 666 autem
749 627 798 665 ab
833 633 1066 680 angore;“
1091 628 1192 666 Ach.
1314 641 1407 667 212.
1447 629 1552 667 Prae

164 702 364 740 continuo
407 696 533 735 animi
563 701 677 733 aestu
700 696 854 746 fauces
893 710 1054 747 semper
1096 697 1232 734 siccae
1272 703 1365 734 sunt
1403 703 1443 734 et
1482 696 1553 734 siti

164 774 369 813 iuuntur,
398 772 443 802 ut
467 765 509 801 in
535 763 670 800 morbo
692 769 734 800 et
757 770 871 800 aestu
891 764 1052 811 febrili,
1089 769 1129 800 et
1157 769 1294 802 tamen
1328 764 1553 815 displicent

165 839 206 877 ei
247 844 287 875 et
321 831 497 885 insipida
528 837 622 868 sunt
657 832 786 874 vina,
838 832 958 869 etiam
999 832 1309 882 pretiosissima.
1425 831 1551 868 Cibus

163 905 377 956 difficilis,
435 913 556 951 quem
608 898 828 936 difficulter
871 905 1030 937 'tantum
1077 900 1235 937 mandit
1284 898 1550 950 deglutitque,

163 975 273 1010 inter
298 970 494 1011 molares,
537 965 770 1003 maxillares
794 965 959 1015 dentes,
996 981 1094 1018 prae
1139 967 1301 1005 fastidio
1334 968 1413 1019 ipsi
1456 967 1551 1005 sau-

163 1041 279 1078 cibus
329 1037 472 1075 haeret
520 1040 561 1072 et
609 1047 784 1071 crescere
825 1033 1004 1073 videtur.
1093 1035 1160 1072 Sic
1212 1038 1258 1072 in
1306 1048 1370 1072 ore
1424 1037 1552 1073 erevit

163 1108 282 1145 'cibus
311 1119 372 1156 ap.
402 1104 494 1141 Sen.
521 1102 597 1154 Ep.
623 1102 686 1139 82.
747 1101 901 1139 Crescit
926 1110 964 1139 et
985 1104 1118 1140 invito
1147 1103 1280 1140 lentas
1309 1104 1355 1139 in
1391 1117 1456 1140 ore
1486 1104 1552 1139 ei-

162 1176 239 1213 has
267 1188 328 1225 ap.
361 1170 484 1210 Ovid.
505 1170 581 1221 Ep.
604 1169 704 1206 Her.
729 1169 849 1217 XVI,
872 1169 966 1207 226.
997 1191 1052 1197 —-
1107 1171 1201 1209 213.
1232 1172 1326 1208 214.
1354 1170 1418 1209 Cf.
1449 1171 1549 1209 Var.

158 1241 280 1281 Lect.
300 1246 340 1278 et
366 1239 416 1277 de
437 1238 602 1275 Albano
621 1237 721 1275 vino
742 1235 794 1274 ad
814 1237 865 1283 V,
894 1237 958 1274 33.
994 1239 1108 1276 cuius
1142 1238 1322 1289 pretium
1345 1246 1549 1276 senectute

159 1315 346 1360 augetur.
471 1305 635 1343 Albani
665 1312 872 1348 senectus,
915 1318 952 1341 v.
980 1305 1030 1342 ad
1057 1306 1126 1354 IV,
1148 1307 1212 1358 39.
1238 1328 1294 1333 —
1381 1307 1475 1344 215.
1503 1306 1548 1343 Si

159 1377 229 1415 'vel
251 1377 396 1413 melius
416 1373 559 1412 vinum
587 1372 801 1416 ostendas,
832 1373 870 1408 ei
903 1371 1076 1410 dederis.
1160 1375 1407 1411 densissima
1440 1388 1550 1426 ruga

162 1446 206 1483 C.
229 1447 276 1481 in
295 1444 336 1495 f
365 1442 484 1480 frons
509 1446 723 1491 capcrafur
743 1440 792 1477 ob
817 1453 1046 1478 moerorem
1067 1447 1107 1478 et
1130 1442 1255 1479 animi
1277 1448 1422 1489 aestus,
1447 1455 1546 1493 quos

160 1511 343 1564 patitur;
384 1506 486 1545 Ach.
613 1506 708 1543 216.
746 1519 784 1544 v.
815 1507 865 1544 ad
895 1508 967 1554 IV,
1009 1509 1097 1545 138.
1126 1529 1182 1535 ——-
1244 1510 1340 1547 218.
1375 1509 1466 1546 Sen.
1495 1507 1547 1545 de

157 1585 294 1629 tranq.
315 1590 377 1614 an.
410 1589 442 1612 c.
465 1586 502 1611 2.
543 1573 694 1611 Αιῖίίοε
725 1574 842 1617 illos,
889 1577 962 1625 qui
989 1589 1071 1611 non
1101 1575 1245 1620 aliter,
1283 1590 1409 1627 quam
1447 1578 1547 1627 qui-

161 1647 237 1685 bus
260 1644 451 1695 difficilis
472 1654 636 1678 somnus
659 1649 739 1684 est,
771 1650 937 1678 versant
957 1655 997 1678 se
1017 1651 1054 1680 et
1075 1642 1150 1680 hoe
1173 1652 1295 1695 atque
1329 1644 1400 1680 illo
1428 1643 1544 1680 modo

160 1719 437 1763 componunt,
482 1709 607 1746 donec
653 1710 829 1760 quietem,
883 1709 1132 1746 lassitudine
1172 1712 1402 1748 inveniant.
1480 1709 1546 1749 Cf.

160 1780 285 1820 Hom.
325 1779 374 1816 Il.
411 1777 575 1824 XXIV,
609 1776 646 1814 5.
683 1789 732 1814 lo
763 1789 845 1828 seq.
876 1775 1020 1814 Catull.
1047 1777 1098 1825 L,
1135 1790 1184 1816 10
1203 1791 1284 1830 seq.
1309 1783 1351 1816 et
1372 1779 1493 1830 Prop.
1512 1779 1545 1827 I,

164 1850 227 1897 14,
247 1860 314 1885 21.
345 1867 399 1876 --
465 1856 559 1895 219.
590 1844 787 1894 templum
806 1853 844 1882 et
877 1858 998 1889 araS,
1034 1845 1107 1883 ubi
1125 1845 1339 1896 peieravit.
1399 1846 1463 1885 Cf.
1494 1847 1547 1885 ad

158 1912 198 1955 ir.
222 1916 304 1953 223
333 1927 416 1964 seq.
453 1934 500 1942 ——
559 1923 651 1949 220.
683 1912 903 1949 sudoribus
923 1912 1067 1963 gelidis
1103 1918 1218 1951 aestu
1249 1927 1294 1951 ac
1324 1915 1545 1966 perturba-

157 1985 275 2022 tione
305 1980 430 2019 animi
467 1979 684 2031 expressis.
751 1977 816 2017 Cf.
857 1979 892 2027 I,
937 1980 1026 2019 166.
1081 1980 1169 2031 167.
1199 2004 1252 2012 —
1335 1994 1429 2020 221.
1467 1992 1545 2021 tua

161 2054 302 2102 imago
348 2061 493 2096 saera,
543 2045 794 2095 veneranda,
844 2047 927 2095 (al.
968 2046 1256 2101 exsecrabilis)
1302 2051 1545 2101 religionem

157 2117 458 2167 horroremque
489 2114 714 2159 incutienS,
758 2124 796 2153 et
819 2118 952 2153 maior
970 2115 1157 2153 humana
1170 2144 1183 2161 ,
1225 2104 1382 2167 divina,
1412 2121 1543 2171 qualis

159 2186 332 2224 deorum
369 2196 456 2220 esse
499 2182 615 2219 solet.
647 2176 689 2202 ²⁷
751 2181 925 2234 Egregie
964 2183 1220 2223 declarantur
1256 2186 1420 2225 effectus
1449 2194 1544 2225 tur·

156 2248 276 2292 batae
307 2249 566 2303 phantasiae,
604 2249 741 2288 omnia
774 2251 978 2302 augentis,
1019 2253 1199 2291 maxime
1229 2254 1275 2291 in
1304 2254 1541 2306 solitudine,

154 2327 275 2359 nocte
299 2325 340 2356 et
359 2331 512 2356 somno.

271 2387 353 2424 225
369 2386 527 2424 -228,
584 2385 799 2425 Praeclare
824 2393 865 2426 et
887 2386 1079 2440 graphice
1101 2387 1151 2427 de
1164 2387 1329 2427 homine
1340 2390 1540 2429 scelerum

159 2495 251 2529 Pari
297 2501 396 2527 sorte
438 2494 558 2529 scelus
596 2501 634 2528 et
672 2495 821 2530 sceleris
878 2508 933 2531 21.
961 2497 1073 2531 Cet-da
1095 2497 1140 2530 ad
1159 2499 1260 2541 virg.
1281 2497 1369 2532 Aen.
1391 2501 1439 2541 ΙΙ,
1463 2499 1540 2542 775.

156 2552 331 2586 voluntas
354 2555 380 2585 l.
407 2563 437 2587 1.
472 2553 561 2587 cod„
574 2553 750 2590 Theodos.
775 2554 819 2588 ad
878 2565 910 2590 et
943 2556 1062 2601 Heyue
1095 2556 1179 2591 Exc.
1214 2555 1312 2592 XIII·
1351 2556 1397 2591 ad
1440 2557 1538 2598 Virg-

157 2609 229 2654 leg.
248 2610 318 2642 Iul.
339 2609 382 2642 de
406 2612 552 2644 ambitu.
874 2612 962 2649 Aen.
979 2613 1008 2649 I.

206 2676 262 2712 27.
285 2677 317 2702 v.
345 2666 441 2712 Lips.
471 2667 515 2701 ad
535 2669 619 2705 Tac.
644 2668 735 2705 Anu.
753 2667 816 2712 Xr,
