1686 3089
196 215 304 247 >212
630 190 1210 235 COMMENTARIVS

222 316 316 354 bilis
337 313 495 365 hospeS,
520 323 650 349 rexvv.
680 311 740 348 14.
760 307 877 346 'Nam
900 310 986 358 ipse
1008 307 1136 359 poetis
1153 305 1317 354 dicium,
1342 304 1393 343 de
1418 320 1500 358 quo
1524 321 1604 357 po-

223 383 423 422 tissimum
448 393 581 417 sermo
602 384 672 415 est.
700 376 762 414 Cf.
779 375 828 412 acl
847 375 878 422 I,
904 375 969 412 62.
1056 375 1258 427 diffusum
1277 376 1434 418 vinum,
1463 374 1609 425 quode

226 449 423 488 torculari
444 447 511 486 vel
532 447 625 484 lacu
652 445 717 484 vel
739 443 857 480 doliis
880 444 920 479 in
943 440 1156 494 amphoras
1184 448 1225 479 et
1250 441 1368 479 cados
1398 443 1611 494 diffimde-

227 518 350 556 batur
367 517 411 553 in
433 515 582 552 multos
599 525 735 549 annos.
763 510 892 548 Vetus
919 510 1041 547 simul
1058 511 1199 547 vinum
1224 509 1424 559 designari
1446 509 1611 559 putabat

228 586 377 635 Grang.
403 583 470 620 cuj
493 584 723 631 opponatur
750 577 921 621 dolicae,
953 591 1107 616 novum
1132 584 1171 614 et
1197 589 1395 628 asperum,
1426 576 1475 612 tle
1502 576 1612 614 dolio

225 651 428 691 haustum.
489 647 553 685 Cf.
581 645 664 683 Cic.
690 646 804 682 Brut.
828 645 892 682 83.
918 644 1046 682 Notio
1065 645 1229 696 quidem
1252 645 1465 681 vetustatis
1493 644 1615 694 magis

226 719 478 770 exprimitur
514 713 678 752 adiectis
711 711 848 750 verbis
885 713 1087 762 capillato
1121 712 1319 757 Consul&
1366 725 1441 748 nec
1480 717 1618 749 tamen

223 785 495 836 «vr-negandum,
522 787 682 820 veteres
706 793 792 816 eam
823 780 874 817 ob
914 793 1074 817 causam
1102 779 1318 831 diffinias-se
1348 778 1492 815 vinum
1519 782 1624 817 etin

250 854 337 891 adis
364 850 608 895 condidisse,
636 846 762 894 (haee
787 847 897 884 enim
933 853 1028 884 sunt
1052 846 1220 898 propria
1242 847 1286 883 iu
1306 844 1380 883 hac
1419 860 1464 883 re
1494 859 1619 884 voea-

225 916 349 973 bula)
392 916 613 955 corticibus
645 913 839 951 cadorum
864 915 975 965 pice,
1016 915 1083 952 vel
1115 928 1243 965 gypso
1284 919 1324 951 et
1360 927 1452 951 cera
1485 915 1616 963 illitis,

227 995 275 1026 ut
299 991 571 1025 veterasceret
594 990 634 1020 et
655 981 806 1020 multos
832 980 997 1019 demum
1026 988 1122 1033 post
1143 995 1267 1019 annos
1285 988 1557 1032 promeretur.
1584 979 1616 1004 ¹³

230 1053 427 1093 Consule:
489 1063 582 1087 nam
629 1048 737 1085 cadis
788 1048 1115 1087 inscribebantur
1168 1050 1335 1086 nomina
1370 1047 1617 1097 Consulum,

230 1123 377 1174 quibus
399 1119 543 1157 vinum
571 1116 835 1162 condebatur,
865 1115 936 1166 qui
967 1129 1109 1153 eorum
1143 1116 1290 1152 titulus
1320 1121 1379 1152 est
1417 1121 1459 1152 et
1503 1126 1616 1160 nota,

230 1203 307 1241 qua
334 1187 465 1238 patria
501 1190 692 1234 aetasque
722 1182 810 1218 vini
839 1181 1043 1232 designari
1074 1182 1239 1219 solebat.
1271 1179 1308 1203 ¹4
1403 1184 1619 1233 capillato,

229 1258 405 1301 intonso,
458 1251 661 1301 (adeoque
693 1251 774 1287 iam
809 1254 900 1286 ante
935 1263 967 1286 a.
1005 1249 1056 1286 U.
1084 1247 1127 1285 C.
1155 1249 1247 1285 454.
1287 1249 1512 1301 clzfficsum)
1553 1253 1622 1290 vel

230 1322 366 1374 simpl.
389 1324 568 1366 vetusto,
592 1317 740 1368 prisco,
770 1322 817 1353 ut
838 1317 1036 1354 barbatus
1058 1317 1131 1363 IV,
1166 1317 1256 1356 103.
1273 1316 1344 1353 nbi
1368 1330 1406 1354 v.
1427 1324 1509 1356 not.
1554 1319 1619 1357 Cf.

230 1390 280 1428 ad
304 1388 378 1436 VI,
417 1387 505 1426 105.
537 1408 590 1414 --
650 1385 715 1422 31.
758 1391 879 1428 tenet,
921 1389 1125 1434 tamquam
1159 1383 1236 1420 sibi
1274 1385 1484 1435 proprium
1514 1388 1620 1424 reti-

230 1463 325 1504 net,
371 1454 477 1492 solus
510 1453 626 1490 bibit.
722 1465 870 1495 uvam,
919 1453 1085 1498 vinum,
1142 1451 1370 1496 calcatam,
1421 1459 1469 1491 ut
1503 1455 1617 1505 prelo

230 1525 431 1561 domitam
467 1521 617 1557 Caleno
654 1533 779 1556 uvam
820 1532 881 1568 ap.
914 1519 1058 1555 Horat.
1094 1517 1171 1555 Od.
1199 1518 1240 1565 I,
1271 1531 1351 1564 20,
1382 1534 1419 1570 9.
1467 1522 1619 1560 Galea-

230 1601 317 1629 larn
344 1590 465 1627 bellis
499 1586 736 1632 soeialthus,
776 1591 960 1635 tempore
994 1585 1092 1622 belli
1128 1586 1284 1623 socialis
1317 1600 1344 1623 S.
1377 1588 1545 1626 Marsici
1578 1596 1620 1627 ct

230 1657 379 1705 Italici,
420 1653 529 1707 quod
553 1655 600 1690 ab
628 1667 660 1690 a.
694 1652 742 1689 U.
768 1651 813 1691 C.
836 1651 1000 1689 DCLX
1020 1665 1147 1704 usque
1176 1654 1225 1691 ad
1244 1653 1447 1692 DCLXII
1471 1656 1513 1693 in
1536 1657 1621 1694 Ita-

229 1725 285 1763 lia
316 1729 471 1774 gestulii
502 1727 575 1760 cst.
637 1720 704 1757 Sic
742 1720 892 1757 eadam
922 1721 1064 1756 λίανεί
1099 1735 1311 1759 memorem
1347 1723 1477 1759 duella·
1513 1723 1622 1762 dixit

232 1792 378 1830 Horat.
412 1789 494 1826 Od.
526 1787 595 1834 ΙΙΙ,
631 1788 702 1834 14,
739 1788 799 1824 18.
859 1786 936 1823 His
968 1792 1104 1824 tamen
1141 1789 1278 1826 verbis
1313 1789 1446 1840 simpl.
1478 1790 1621 1829 vinum

233 1865 276 1896 et
311 1856 610 1896 nobilissimum
647 1861 689 1891 et
731 1855 781 1892 ob
807 1860 1053 1892 vetustatem
1088 1856 1341 1894 rarissimum
1374 1857 1623 1909 designatur,

232 1939 366 1977 neque
403 1926 444 1961 in
476 1924 525 1960 iis
554 1921 823 1972 argutandum
857 1920 1050 1971 videtur,
1090 1924 1202 1973 quasi
1239 1931 1398 1964 veteres
1429 1925 1535 1974 vina,
1577 1928 1622 1965 in

231 1993 375 2045 primis
415 1990 559 2038 dulcia,
597 2004 680 2027 non
725 1996 808 2026 tam
858 1989 928 2026 diu
969 2003 1213 2027 conservare
1246 1992 1458 2042 potuerint
1494 1999 1535 2030 et
1567 2007 1621 2031 ne

233 2066 347 2109 grata
369 2057 533 2110 quidem
558 2057 640 2095 illis
665 2057 793 2095 fuerit
816 2057 941 2094 nimia
975 2063 1176 2095 vetustas:
1217 2071 1311 2097 nam
1344 2058 1384 2096 h.
1414 2060 1440 2097 l.
1477 2062 1621 2100 vinum

233 2127 506 2163 ducentorum
546 2123 634 2161 sere
673 2137 872 2162 annorum
903 2131 1167 2172 memoratur,
1207 2131 1247 2163 et
1290 2126 1500 2178 quadrima
1541 2129 1622 2167 iam

803 2189 836 2212 15

230 2195 274 2231 in
305 2193 477 2231 vetustis
511 2190 763 2228 reseruntur.
955 2190 1156 2229 Nonnulli
1202 2193 1437 2244 intelligunt
1476 2196 1618 2234 vinum

235 2349 378 2390 (ibique
406 2346 601 2391 Harduin.)
645 2345 800 2378 Marti-dl.
845 2344 900 2384 lv,
1009 2346 1060 2378 14.
1088 2359 1119 2380 v.
1141 2348 1232 2381 Plin.
1253 2358 1285 2380 et
1302 2349 1495 2382 Mitscherl.
1517 2351 1559 2383 ll.
1574 2352 1616 2384 ll.

233 2405 291 2439 413,
327 2404 376 2436 15.
434 2404 527 2445 vlu,
547 2404 580 2445 6,
606 2415 639 2436 2.
699 2402 791 2444 XIV,
827 2402 899 2434 108.
959 2401 1092 2436 Passer.
1123 2416 1293 2447 gemmar.
1317 2408 1465 2440 asu-iser.
1491 2407 1533 2439 T.
1554 2407 1616 2439 ΙΙΙ.

281 2461 331 2493 15.
371 2461 425 2492 Cf.
467 2461 570 2493 ovid.
605 2461 697 2494 Fast.
734 2460 775 2501 V,
821 2458 896 2503 517.
956 2460 1046 2494 Diss.
1066 2462 1100 2495 5.
1121 2474 1156 2506 p.
1184 2463 1256 2496 153.
1275 2472 1308 2496 et
1331 2475 1414 2496 mox
1433 2475 1463 2496 v.
1484 2463 1540 2497 54.

230 2517 348 2560 llorat.
390 2519 499 2561 Epist.
544 2520 570 2559 I,
619 2518 652 2559 5,
699 2517 732 2550 4.
761 2517 822 2549 ubi
864 2528 896 2549 v.

227 2572 391 2611 Lambin.
443 2576 536 2608 Ptin.
568 2576 662 2616 XW,
696 2575 746 2607 14.
778 2584 811 2607 et
842 2584 894 2606 21.
1002 2573 1052 2607 15.
1081 2577 1135 2610 Cf.
1149 2577 1274 2610 Athen.
1296 2577 1323 2617 Ῑ,
1341 2578 1397 2610 24.
1419 2577 1614 2621 Plin.XIV,

229 2629 460 2673 calanhxlf,
478 2634 528 2666 18.
550 2633 744 2666 Mitscherl.
757 2631 800 2663 ad
817 2632 895 2664 Ho—
952 2631 984 2663 4.
1006 2632 1257 2666 Mitseherl.ad
1273 2635 1390 2667 Horat.
1406 2633 1476 2666 Od.
1488 2635 1514 2677 1,
1534 2647 1565 2679 9,
1582 2648 1612 2678 7.

226 2695 291 2727 111.
307 2687 375 2720 Od.
396 2689 427 2727 I,
453 2699 506 2730 20,
531 2700 542 2720 1
562 2691 628 2723 -5.
659 2690 704 2731 Π,
723 2689 755 2728 5,
779 2689 893 2729 8.111,
950 2689 1012 2730 ΙΙΙ,
1035 2690 1067 2731 8,
1100 2702 1150 2729 12·
1176 2692 1225 2733 14,
1247 2691 1298 2725 18.
1325 2702 1378 2735 21,
1407 2702 1420 2724 1
1443 2702 1516 2734 seq.
1547 2693 1612 2736 lv,

223 2742 257 2785 8,
282 2755 321 2777 10
338 2757 409 2788 seq.
439 2746 563 2788 13,18.
587 2749 760 2790 2¹,1-8.
785 2746 888 2791 28,8.
953 2756 1069 2790 11,1.
