1686 3089
498 166 846 211 INIVVE‘N.
901 165 1046 206 SAT.
1095 165 1215 206 XIII.
1444 162 1534 211 >661.

132 280 376 338 λιγγενεσῖᾳ,
404 281 475 338 (de
498 290 675 337 quatuor
697 283 870 323 saeculis
897 281 1032 321 denuo
1054 282 1316 322 revolvendis
1343 289 1384 321 et
1400 288 1531 322 reno-4

135 350 303 402 vandis)
341 352 410 391 vel
440 352 591 391 samam
618 353 754 400 illam,
799 351 857 390 ab·
881 351 1067 388 Etruscis
1094 351 1256 389 vatibus
1285 351 1526 403 profectam,

129 417 188 459 de
210 424 304 458 octo
325 411 673 459 saeculis'mundo
694 419 799 457 datis
820 425 873 457 ’ot
901 418 988 456 vita
1016 419 1281 470 moribusque
1310 418 1528 458 hominum

129 485 331 531 diversis,
386 487 437 526 de
469 484 630 526 saeculo
663 501 797 536 nono,
850 499 875 525 a
908 487 1046 525 Sullae
1075 487 1329 538 temporibus
1353 485 1525 537 (quibus

99 579 102 582 -
127 554 315 596 ,maxima
331 554 416 594 fuit
433 570 575 595 rerum
596 555 771 594 mutatio
801 560 842 593 et
859 552 1036 606 pravitas
1071 554 1258 601 morum)
1286 552 1526 604 incipiente,

125 627 175 659 et
201 622 250 660 de
272 622 456 671 decimo,
493 623 710 661 meliorum
732 629 967 674 temporum
991 635 1218 674 aureaeque
1253 621 1376 658 aetati
1404 620 1524 657 simi—

127 687 232 727 lium
257 690 463 742 principio
484 697 526 728 et
547 705 685 730 rerum
713 685 1060 732 οἷποκαταστοῖσει.
1079 703 1117 728 v.
1139 689 1288 741 Heyne
1307 689 1351 726 in
1365 700 1521 738 argum.

125 763 172 793 et
204 756 314 798 notis
346 756 399 794 ad
430 759 546 810 Virg.
579 758 669 796 Ecl.
697 759 772 807 IV,
809 759 834 796 4
857 772 938 810 seq.
969 758 1084 796 Serv.
1108 756 1159 796 ad
1181 757 1297 807 Virg.
1329 756 1418 794 Eel.
1442 755 1522 803 IX,

125 823 204 870 47..
233 822 401 862 Censor.
435 839 468 863 c.
507 838 568 874 17.
600 826 707 863 Plut.
745 826 789 863 in
823 826 913 866 vita
933 825 1069 864 Sullae
1098 824 1204 876 Opp.
1235 824 1283 863 T.
1304 824 1336 862 I.
1363 837 1402 875 p.
1425 822 1520 861 456.

122 892 177 937 ‚A-
202 890 264 928 ed.
282 891 380 933 ,Fi-s.
415 899 458 930 et
486 892 644 930 Fabric.
677 894 781 931 Bibl.
816 893 888 932 Gr.
927 894 975 931 T.
1005 893 1038 930 Ι.
1064 906 1102 944 p.
1140 891 1236 930 246.
1269 891 1330 929 ed.
1358 891 1527 929 Harles.¹

123 957 193 996 *Ita
216 957 373 1010 duplici
396 960 518 998 modo
541 960 824 1011 designaretur
843 961 1060 1008 saeculum,
1090 966 1137 998 ut
1153 959 1287 998 simile
1309 972 1419 996 nono
1441 957 1521 1006 illi,

121 1025 241 1078 ,unod
255 1026 424 1064 Etrusci
445 1033 579 1076 vates,
608 1034 651 1065 et
675 1034 722 1068 ut
741 1028 858 1080 peius
881 1028 1046 1075 ferreo,
1082 1025 1192 1079 quod
1225 1031 1373 1078 poetae
1402 1039 1523 1066 com·-

120 1093 257 1138 ,meuti
280 1100 386 1134 sunt„
417 1104 419 1107 ·
444 1094 597 1146 Neque
613 1093 715 1133 haec
743 1095 982 1133 coniectma
1004 1096 1136 1134 aliena
1169 1100 1232 1132 est
1266 1094 1314 1133 ab
1349 1093 1516 1144 ingenio

118 1161 356 1210 Iuvenalis,
397 1162 468 1214 qui
501 1161 732 1201 doctrinam
773 1168 979 1200 ostentare
1005 1169 1121 1200 amat.
1179 1163 1235 1200 Iis
1261 1175 1383 1208 vero,
1413 1174 1519 1212 quae

115 1234 268 1274 contra
291 1243 380 1267 eam
404 1230 628 1280 disputavit
648 1230 874 1277 Heinecke,
898 1243 985 1274 non¹
1001 1236 1116 1269 tanta
1135 1230 1244 1268 inest
1254 1229 1337 1276 vis,
1366 1233 1519 1280 quanta

122 1296 203 1348 ipsi
225 1295 414 1335 videtur:
442 1311 537 1335 nam
561 1297 695 1335 simile
716 1295 882 1348 quidem
905 1296 1068 1337 idemve
1087 1302 1262 1348 tempus,
1291 1302 1332 1334 at
1353 1296 1516 1334 diversa

112 1364 285 1402 flatione
308 1365 357 1402 ab
385 1364 572 1403 Etruscis
601 1364 762 1402 vatibus
794 1364 1022 1415 priscisque
1052 1365 1188 1415 poetis
1226 1364 1514 1404 adumbratum

113 1431 254 1475 -suisse
281 1431 497 1480 contendi,
535 1438 575 1469 et
607 1432 942 1484 verbaquorzcm
979 1429 1061 1484 (sc.
1101 1431 1384 1480 saeculorum,
1416 1431 1444 1468 i.
1475 1442 1514 1468 e.

113 1499 245 1537 cuius
289 1498 472 1549 saeculi)
525 1499 670 1538 sceleri
696 1519 752 1528 —
782 1499 951 1537 metallo.
992 1511 1076 1536 non
1114 1498 1166 1536 ad
1200 1512 1354 1536 nonam
1386 1498 1516 1552 retuli

118 1574 321 1618 aetatem,
355 1565 428 1605 sed
460 1565 511 1604 ad
540 1566 708 1604 saecula
732 1568 849 1619 ferri
874 1565 1127 1617 temporibus
1157 1567 1337 1618 peiora.-
1375 1579 1513 1617 neque

111 1634 372 1673 Censorinus
397 1640 582 1683 tantum,
621 1633 695 1672 sed
721 1634 789 1672 alii
819 1647 981 1686 quoque
1020 1638 1208 1671 auctores
1227 1653 1230 1655 Δ
1250 1632 1516 1682 consulendi5

115 1715 175 1742 ‚ex
195 1707 295 1740 nota
316 1707 454 1740 autem
471 1702 607 1755 Servii
631 1701 681 1740 ad
705 1701 818 1751 Virg.
843 1700 930 1737 Ecl.
957 1699 1035 1746 IX,
1057 1699 1123 1749 47.
1149 1706 1193 1738 et
1217 1713 1271 1738 ex
1305 1699 1384 1737 hoc
1414 1700 1512 1738 Ma-

118 1769 234 1808 ronis
259 1768 351 1806 loco
368 1768 577 1806 saeculum
602 1767 708 1806 illud
738 1767 942 1805 decimum
976 1778 1061 1803 non
1093 1765 1226 1805 multo
1256 1765 1400 1817 peius,
1437 1765 1513 1805 sed.

115 1835 242 1887 'longe
275 1835 422 1874 melius
455 1835 610 1882 fuisse,
648 1847 770 1886 quam
808 1843 987 1881 nonum,
1028 1831 1201 1882 colligo;
1243 1845 1338 1871 nam
1372 1846 1511 1871 sermo

112 1903 179 1942 ,ibi
197 1909 260 1942 est
281 1903 332 1941 de
354 1903 517 1942 saeculo
538 1901 677 1950 felici,
720 1899 830 1953 quod
866 1901 979 1938 laeto
1006 1898 1283 1951 portendatur
1315 1899 1510 1952 prodigio

119 1978 164 2010 et
200 1971 423 2010 infaustam
465 1970 603 2007 Sussae
646 1973 820 2006 aetatem
868 1967 1059 2019 excipiat.
1181 1966 1329 2018 Neque
1371 1973 1515 2007 tamen

117 2039 318 2087 diffiteor,
366 2038 480 2075 illam
522 2035 908 2087 interpretationem
952 2040 1136 2085 argutam
1179 2035 1331 2085 magiS,
1386 2048 1511 2088 quam

118 2119 282 2154 veram,
335 2105 621 2155 vulgatamque
650 2102 870 2141 lectionem
898 2100 1192 2140 emendandam
1221 2102 1356 2153 potius
1387 2116 1511 2154 quam

118 2171 406 2225 explicandam
440 2177 484 2208 et
519 2170 654 2209 videri
682 2183 801 2222 posse
839 2175 881 2208 et
913 2169 1015 2211 mihi
1051 2182 1212 2222 semper
1245 2168 1373 2208 visam
1406 2175 1514 2210 esse.

117 2240 242 2279 Cous.
263 2240 360 2278 Var.
384 2238 500 2276 Lect.

230 2307 295 2345 31.
353 2305 519 2344 Summa
543 2301 727 2355 δεινότης
756 2304 865 2343 inest
894 2304 958 2344 his
979 2305 1138 2354 verbis,
1168 2310 1211 2343 et
1234 2304 1416 2344 brevitas
1439 2304 1510 2344 as-

117 2374 251 2414 sectui
278 2373 484 2411 convenit.
540 2374 632 2410 N'os
669 2373 983 2412 sceleratissimo
1016 2373 1194 2411 vivimus
1222 2372 1403 2419 saeculo„
1428 2385 1512 2423 quo

116 2442 254 2481 ubivis
286 2446 326 2479 et
356 2439 540 2492 quotidie
579 2446 644 2477 tot
681 2445 875 2492 tantaque
914 2440 1086 2491 grassari
1122 2440 1310 2479 videmus
1347 2438 1518 2487 scelera

118 2516 165 2547 et
192 2515 330 2546 tamen
358 2513 445 2544 tam
479 2506 634 2558 stupidi
661 2521 799 2552 sumus
816 2536 827 2554 ,
855 2513 925 2555 ut,
970 2508 1005 2544 si
1033 2506 1133 2558 quid
1159 2506 1258 2544 mali
1297 2511 1368 2546 aut
1397 2506 1514 2544 iniu-

114 2576 207 2616 :riae
247 2574 366 2613 nobis
398 2574 540 2612 aliisve
559 2574 738 2619 accidat,
779 2575 974 2612 continuo
1006 2588 1105 2625 prae
1136 2579 1307 2625 stupore
1336 2580 1377 2612 et
1402 2579 1513 2616 tam-

113 2657 242 2696 quam
287 2641 472 2680 novitate·
513 2642 791 2694 miraculoque
833 2641 997 2679 attoniti
1033 2641 1247 2680 hominum
1273 2642 1514 2692 Diuuquae

107 2710 270 2762 fidem,
302 2723 445 2763 opem,
475 2711 681 2760 cieamas,
708 2708 998 2763 imploremus,
1041 2709 1158 2762 quasi
1189 2707 1292 2748 haec
1324 2708 1520 2748 inusitata
