1686 3089
224 185 282 230 34
630 187 1214 230 COMMENTARIVS

226 302 340 355 ptior
391 307 433 341 et
450 302 494 341 in
516 302 587 341 illa
609 303 789 341 cervical
806 308 986 351 tantum,
1014 301 1064 340 ad
1089 306 1210 353 caput
1232 300 1527 349 reclinandum}
1553 303 1618 347 (v.

227 369 282 407 ad
301 370 377 416 VI,
417 367 528 420 353.)
566 371 610 407 in
639 369 713 407 hac
749 384 848 409 vero
885 371 1017 407 lectus
1051 369 1190 407 suerit.
1215 364 1255 390 ²⁵
1323 368 1437 407 Ideni
1465 376 1618 416 monet,

228 443 324 474 ante
349 436 564 475 Claudium
585 436 686 487 Imp.
711 450 873 487 semper
895 437 1085 484 lecticae,
1124 441 1166 473 et
1191 442 1284 487 post
1314 449 1407 473 eum
1429 430 1615 486 plerum-

230 517 309 556 que
330 505 451 542 sellae
476 504 727 542 mentionem
751 503 854 541 fieri.
968 502 1106 551 nuda,
1135 517 1218 541 non
1246 509 1376 550 tecta,
1405 502 1473 539 sed
1496 517 1617 553 aper—

227 578 295 621 ta5
338 572 446 624 quod
472 571 511 609 h.
544 571 571 609 1.
603 584 687 608 11011
719 570 948 617 civilitatis,
989 568 1056 618 (ut
1081 585 1141 622 ap.
1181 573 1347 608 Sueton.
1373 572 1475 620 Aug.
1497 584 1529 606 c.
1552 570 1616 607 53.

227 647 271 678 et
300 640 370 691 al.)
398 638 469 677 sed
492 638 704 689 superbiae
729 644 771 675 et
802 636 1079 688 impudentiae
1101 637 1299 676 indicium
1321 643 1394 674 est.
1462 638 1618 674 Clausa

226 707 332 744 sella
362 711 612 744 memoratur
647 704 721 742 ins.
758 718 796 742 v.
835 705 923 741 124.
989 704 1120 742 Sellae
1153 705 1220 743 vel
1252 705 1419 742 lecticae
1455 709 1620 755 apertae

223 773 361 811 ,forma
386 774 456 820 (ut
472 773 609 810 verbis
631 772 765 822 Lipsii
790 772 815 808 l.
836 772 861 808 l.
887 771 993 819 utar)
1033 772 1232 823 simplex,
1287 785 1441 808 asseres
1463 771 1620 821 aliquot

227 841 452 891 compacti,
494 840 564 890 qui
595 853 738 889 capere
760 839 974 890 pulvinum
997 839 1216 889 oblongum
1236 845 1423 890 possent,
1472 839 1515 875 111
1537 851 1617 889 quo

227 904 353 944 homo
372 913 589 957 porrectus
614 909 793 953 iaceret,
830 905 901 951 (cs.
931 906 981 944 ad
1003 906 1079 954 III,
1109 907 1202 943 245.
1228 913 1270 942 et
1293 904 1385 953 VH,
1422 907 1511 943 132.
1546 905 1619 942 ubi

226 987 341 1010 asser
365 986 442 1023 pro
465 975 548 1024 ipsa
583 968 744 1024 lectica)
783 977 823 1008 et
851 972 974 1023 pedes
1007 972 1170 1023 quidam
1204 973 1433 1019 breviores,
1472 973 1619 1023 quibus

225 1039 375 1077 lectica
407 1039 590 1090 deposita
630 1040 861 1079 insisteret:
905 1039 1044 1076 eadem
1078 1040 1214 1078 omnia
1246 1042 1289 1076 in
1322 1039 1467 1076 lectica
1498 1043 1620 1085 tecta,

225 1106 309 1157 :nisi
344 1106 452 1156 quod
475 1105 573 1142 haec
605 1106 805 1142 maiorum
841 1105 1079 1143 deliciarum
1111 1105 1192 1144 suit
1223 1112 1443 1156 contraque
1477 1104 1623 1155 adspe-

226 1179 342 1209 ctum
364 1172 576 1210 hominum
608 1173 692 1209 sive
711 1172 879 1209 iniurias
904 1173 1008 1209 ae'ris
1031 1173 1163 1210 clausa
1185 1170 1367 1223 undique
1386 1186 1432 1209 ac
1453 1174 1625 1220 munita,

228 1245 272 1277 et
292 1240 456 1290 quidem
478 1238 654 1289 pellibus
677 1244 799 1289 atque
820 1239 943 1287 velis,
986 1241 1037 1286 (s.
1071 1240 1266 1290 plagulis,
1309 1253 1410 1290 quae
1433 1239 1621 1276 dimove-

225 1307 264 1345 ri
286 1305 496 1357 poterant)
523 1305 572 1342 acl
599 1305 798 1342 fenestras
821 1306 1020 1355 oppansis.
1037 1302 1077 1325 ²⁶
1104 1326 1157 1336 —
1211 1305 1274 1343 66.
1305 1305 1478 1342 multum,
1510 1307 1620 1356 rese-

227 1387 345 1420 renS,
385 1373 638 1423 exprimens,
675 1373 859 1419 imitans,
897 1373 945 1409 cle
981 1374 1250 1418 ilIcteeenate,
1297 1372 1337 1409 h.
1364 1386 1396 1409 e.
1420 1372 1458 1409 ei
1486 1372 1617 1409 simil-

225 1440 368 1488 limus,
425 1446 473 1476 ut
510 1439 600 1476 sere
643 1453 702 1490 ap.
744 1439 857 1488 Virg,
896 1438 997 1476 Aen.
1038 1440 1111 1487 IV,
1153 1441 1247 1490 329.
1293 1440 1347 1486 X,
1391 1438 1481 1488 766.
1523 1439 1624 1477 Tac.

229 1507 370 1544 Germ.
396 1507 460 1544 43.
486 1512 528 1543 et
554 1506 602 1543 al.
716 1506 902 1555 Supinas
927 1513 967 1543 et
989 1509 1208 1557 resupinus
1230 1506 1401 1553 dicitur,
1455 1508 1525 1556 qui
1549 1506 1617 1543 vel

228 1575 376 1624 supine
397 1574 500 1611 iacet
525 1580 595 1610 aut
616 1574 658 1611 111
683 1574 791 1611 lecto
822 1575 954 1611 iacere
977 1579 1107 1621 amat,
1156 1573 1337 1624 adeoque
1357 1579 1445 1610 tum
1465 1587 1622 1618 socors,

229 1641 386 1678 otiosus
428 1647 470 1677 et
505 1641 728 1691 negligens,
769 1643 836 1687 (ut
871 1655 930 1692 ap.
965 1640 1163 1689 Quinctil.
1201 1640 1252 1687 V,
1293 1652 1352 1688 12,
1396 1653 1455 1678 10.
1491 1640 1546 1688 X,
1578 1653 1619 1688 2,

234 1720 297 1756 17.
330 1708 407 1756 XI,
428 1709 465 1745 3.
490 1704 556 1757 al.)
587 1714 674 1745 tum
697 1708 891 1746 delicatus
918 1714 958 1745 et
975 1708 1128 1756 mollis,
1167 1708 1234 1746 vel
1259 1708 1328 1759 qui
1354 1708 1523 1759 supinus
1545 1708 1615 1746 111-

230 1774 362 1823 cedit,
405 1781 543 1812 ere-cto
565 1789 736 1826 corpore
759 1781 800 1812 et
836 1776 962 1813 oculis
985 1775 1144 1812 coelum
1175 1775 1447 1823 intuentibus,
1493 1774 1620 1813 adeo-

233 1855 314 1893 que
364 1842 575 1892 superbus.
642 1843 808 1893 Supina
861 1841 1058 1879 cathedra
1109 1842 1215 1880 Plin.
1251 1841 1369 1889 XVI,
1411 1841 1475 1890 37.
1544 1842 1619 1879 cle-

230 1909 356 1946 liciae
392 1911 625 1958 sztpc'nc'ores
661 1910 837 1947 Martial.
877 1909 930 1957 II,
970 1909 1006 1957 6,
1048 1910 1107 1947 13.
1176 1910 1361 1960 Supinas
1389 1909 1618 1946 flffaecenae

231 1973 273 2012 ll.
307 1975 333 2011 l.
372 1974 540 2023 dicitur,
578 1983 623 2013 ut
659 1977 755 2024 XII,
791 1978 855 2028 39.
914 1985 1022 2014 tener
1052 1977 1115 2013 M.
1146 1982 1188 2013 et
1215 1990 1276 2028 ap.
1305 1975 1452 2015 Vellei.
1483 1975 1516 2023 I,
1551 1977 1618 2017 88.

232 2042 460 2078 fflaecenas
493 2045 574 2079 otio
618 2052 656 2080 et
694 2044 882 2080 mollitiis
920 2058 1054 2093 paene
1095 2045 1206 2080 ultra
1228 2045 1439 2096 feminam
1461 2044 1616 2092 fluens-

231 2106 300 2144 De
322 2107 494 2144 mollitie
519 2109 606 2146 eius
631 2111 673 2147 in
699 2109 860 2157 habitu,
911 2111 1093 2148 oratione
1119 2116 1160 2147 et
1187 2116 1275 2148 tota
1292 2112 1378 2149 vita
1408 2123 1447 2148 v.
1472 2110 1614 2149 Senee.

232 2172 309 2225 Ep.
348 2174 468 2212 X1X.
503 2174 569 2212 CI.
602 2175 754 2215 CXIV.
786 2183 826 2214 et
856 2176 988 2217 CXX.
1021 2177 1196 2226 Quium.
1222 2178 1278 2228 X,
1301 2179 1338 2217 4.
1368 2177 1473 2216 Piin.
1497 2177 1616 2228 XIV,

280 2369 336 2403 25.
366 2370 425 2404 Cf.
470 2372 689 2406 wernsdorf.
720 2374 764 2406 ad
809 2376 896 2410 Cal-
998 2374 1054 2408 26.
1090 2373 1144 2407 Cs.
1176 2374 1245 2417 ΠΙ,
1277 2375 1354 2408 252.
1394 2383 1428 2407 et
1462 2374 1522 2417 lV,
1560 2382 1619 2411 21.

232 2440 334 2470 purn.
369 2427 446 2460 Ecl.
493 2428 579 2471 VII,
625 2443 679 2474 27.
720 2434 757 2464 iu
798 2435 895 2467 Poet.
950 2430 1057 2465 Drak.
1081 2431 1124 2463 ad
1150 2432 1220 2465 LIV.
1247 2431 1411 2473 ᾸΧΧΙΧ,
1434 2432 1465 2465 G.
1490 2433 1610 2465 Erne—

232 2485 293 2517 lat.
317 2486 402 2516 min.
426 2486 467 2516 Τ.
491 2486 537 2518 Π.
564 2499 598 2529 p.
629 2489 703 2522 166.
739 2491 894 2524 Scheffer
951 2491 992 2521 sti
1047 2489 1090 2520 ad
1135 2489 1232 2522 Suet.
1280 2490 1360 2522 Tib.
1411 2488 1465 2521 64.
1520 2489 1615 2535 Lips.

233 2540 278 2572 de
302 2553 338 2572 re
371 2541 447 2572 veh.
479 2542 534 2584 ΙΙ,
569 2544 601 2576 4.
636 2557 670 2587 p.
696 2548 747 2590 75.
782 2549 894 2592 intpp.
951 2546 1063 2578 Elect.
1099 2546 1128 2587 I,
1175 2557 1225 2591 19.
1282 2546 1437 2579 Schcffcr
1483 2545 1526 2578 de
1573 2559 1613 2579 re

233 2597 381 2630 Phaedr.
405 2598 469 2640 HI,
495 2601 526 2641 8,
551 2601 585 2634 4.
632 2603 800 2647 B1'ittigeri
824 2604 892 2638 Sa-
948 2603 1024 2634 veh.
1048 2603 1095 2643 H,
1122 2602 1153 2634 4.
1184 2615 1220 2646 p.
1245 2616 1297 2647 77.
1334 2604 1381 2643 II,
1411 2604 1443 2635 5.
1478 2615 1514 2646 p.
1556 2603 1614 2647 89.

227 2653 312 2694 «bina
337 2654 362 2694 l.
386 2656 411 2687 l.
438 2664 471 2688 et
496 2666 569 2691 not.
592 2670 664 2702 seq.
949 2658 1089 2691 Gruter.
1122 2660 1298 2702 Inscriptt.
1327 2657 1474 2701 CCCVI,
1516 2671 1546 2693 1.
1573 2668 1610 2693 et

947 2714 1191 2757 DCCCCUV,
1213 2718 1245 2750 ὅ.
1271 2725 1304 2750 et
1327 2716 1480 2759 Buttiger
1506 2717 1532 2752 l.
1559 2717 1584 2748 l.
