1686 3089
477 164 556 205 IN
603 158 841 203 IVVEN.
878 155 1022 198 SAT.
1061 156 1135 197 XI.
1413 155 1496 198 613

108 281 287 322 'domurn-
351 280 422 318 En
466 278 742 319 venerandam
779 273 1010 329 priscorum
1050 273 1230 313 civitatis
1268 284 1489 326 procerum

106 348 344 401 imaginem!

219 429 272 468 90
302 430 383 467 seq.
440 415 647 464 Quamdiu
672 415 805 453 Roma
833 413 971 452 timuit
1013 411 1214 451 Censores
1257 409 1504 459 horumque.

108 497 280 522 censura
308 496 450 521 severa
477 483 582 529 suit,
606 483 829 534 *simplices
851 494 1011 534 quoque
1040 479 1159 517 sucre
1189 492 1331 517 eorum
1358 476 1492 513 victus

106 558 150 590 et
179 551 379 602 supellex.
496 552 675 587 'l'reamere
705 548 858 601 aliquid
885 562 913 586 s.
959 548 1137 600 aliquem
1177 546 1296 584 d'octe
1336 544 1492 581 (licitur

105 619 263 671 passim.
291 613 333 636 ²0
446 617 589 661 Fabii,
626 618 742 661 Cam,
773 617 924 655 Scauri
949 623 989 654 et
1018 615 1210 654 Fabricii
1232 613 1272 650 h.
1297 612 1323 650 l.
1347 610 1490 648 claris-

106 686 304 724 simorum
327 682 554 723 censorum
577 685 753 723 nomina.
811 685 976 736 Septem
994 714 1004 732 ‚
1045 683 1155 736 quod
1181 683 1302 721 sciam
1317 708 1326 725 ‚
1364 677 1493 715 Fabia

105 754 227 792 fuere
260 752 478 790 Censores:
518 753 576 790 M.
613 753 762 790 Fabius
797 753 1020 790 Ambustus
1052 766 1084 789 a.
1117 750 1170 789 U.
1206 744 1406 787 CCCXC.
1435 742 1491 795 (v.

101 819 220 871 P1gh.
252 820 357 857 Ann.
395 821 442 857 T.
482 821 511 857 I.
535 834 575 870 p.
608 817 721 871 274.)
761 821 813 869 Q.
843 820 993 858 Fabius
1028 819 1237 857 Maximus
1274 813 1494 852 Rullianus

103 901 140 926 a.
162 888 253 939 449.
285 888 392 940 (Liv.
418 888 494 931 IX,
519 887 583 925 46.
622 888 760 925 Valer.
784 888 896 925 Max.
922 886 977 931 ΙΙ,
1002 899 1039 934 2,
1064 900 1100 937 9.
1131 884 1270 923 Aure-l.
1300 882 1410 920 vict.
1440 878 1494 916 de

101 957 179 994 vir.
208 956 264 993 ill.
299 970 331 993 c.
360 954 448 1004 32.)
481 955 531 1004 Q.
568 955 716 992 Fabius
740 954 927 1004 Gurges,
968 953 1142 991 Maximi
1168 949 1352 990 Rulliani
1372 946 1494 994 filius,

101 1039 137 1063 a.
170 1026 261 1073 473.
304 1023 358 1075 (v.
395 1023 446 1060 ad
485 1023 560 1066 VI,
599 1022 694 1061 266.
721 1029 762 1060 et
781 1021 896 1072 Pigh.
926 1020 1032 1058 Ann.
1057 1020 1103 1055 T.
1126 1019 1158 1055 I.
1190 1031 1229 1068 p.
1259 1018 1351 1053 431.
1376 1012 1492 1063 432.)

106 1092 158 1141 Q.
192 1091 342 1129 Fabius
382 1088 591 1126 Maximus
632 1089 891 1125 Verrucosus
923 1085 1147 1123 Cunctator
1173 1097 1206 1121 a.
1235 1083 1326 1121 5:13.
1357 1080 1491 1131 (Pigh.

102 1159 213 1198 Anu.
242 1159 290 1195 T.
329 1157 381 1194 ΙΙ.
420 1170 458 1206 p.
492 1148 600 1206 107.)
629 1154 685 1191 M.
715 1154 863 1192 Fabius
883 1153 1015 1190 Buteo
1042 1166 1073 1189 a.
1099 1153 1191 1192 512.
1222 1149 1353 1201 (Pigh.
1382 1147 1492 1187 Anu.

101 1226 152 1265 T.
184 1225 237 1264 ΙΙ.
273 1239 310 1276 p.
349 1220 432 1276 66.)
463 1222 515 1271 Q.
545 1222 694 1260 Fabius
726 1222 837 1260 Max.
874 1219 1125 1259 servilianus
1146 1233 1178 1256 a.
1205 1219 1296 1258 (327.
1329 1217 1490 1267 (Valer.

100 1293 215 1331 [Max.
249 1291 321 1337 VI,
359 1305 391 1328 1.
436 1289 551 1339 Pigh.
591 1290 698 1327 Anu.
729 1289 776 1327 T.
815 1288 887 1326 III.
923 1302 958 1339 p.
993 1287 1082 1338 53.)
1121 1288 1172 1337 Q.
1201 1286 1352 1324 Fabius
1376 1286 1491 1324 ΜαΧ.

98 1359 354 1399 Aemilianus
375 1358 663 1408 Allobrogicus
692 1370 725 1395 a.
753 1355 845 1394 645.
877 1354 1005 1407 (Pigh.
1032 1355 1140 1393 Anu.
1166 1356 1214 1393 T.
1239 1349 1490 1405 111.1›.13‹>.)

95 1427 198 1467 ,Non
237 1427 338 1464 male
372 1431 491 1464 vetus
526 1424 660 1462 Schol.
698 1423 920 1468 „Fabium
944 1423 1053 1472 (nam
1078 1424 1136 1461 ita
1163 1422 1381 1474 legendum
1412 1435 1490 1472 pro

100 1495 368 1540 Fabricium,
405 1498 452 1530 ut
478 1492 532 1530 sit
563 1491 613 1541 Q.
646 1491 796 1528 Fabius
828 1489 1036 1528 Maximus
1066 1490 1305 1538 Rullianus,
1335 1489 1491 1539 collega

100 1562 148 1601 P.
174 1561 297 1599 Decii
320 1561 362 1598 in
381 1573 563 1607 censum,
596 1559 666 1611 qui
686 1572 779 1597 cum
804 1557 948 1596 eodem
972 1558 1114 1596 consul
1137 1558 1219 1595 suit
1232 1564 1272 1595 et
1283 1563 1490 1595 certamen

103 1627 156 1666 de
179 1628 402 1680 provinciis
427 1626 571 1666 habuit
592 1612 694 1665 tesfe
714 1626 807 1664 Liv.
833 1625 892 1670 X,
919 1623 1003 1677 24.)
1037 1625 1260 1664 Censorem
1281 1624 1392 1672 dicit,
1421 1624 1492 1661 cui:

101 1696 148 1745 in
174 1695 356 1733 Censura
376 1697 561 1733 [Maximi
583 1707 734 1732 nomen
755 1693 945 1742 obvenit,
985 1692 1056 1743 qui
1076 1693 1287 1732 luxuriam
1313 1690 1490 1742 reipubl.

100 1761 298 1811 *damnans
321 1775 343 1798 a
365 1761 518 1812 collega
537 1761 582 1798 P.
609 1761 740 1798 Decio
762 1759 1012 1811 postulavit,
1039 1764 1086 1796 ut
1109 1765 1180 1797 a-ut
1199 1760 1306 1809 ipsc,
1343 1771 1491 1809 quem·

67 1849 81 1853 ·>
102 1828 319 1868 admodum
354 1829 392 1865 ei
419 1827 654 1870 videretur,
693 1839 828 1863 mores
853 1824 1065 1864 hominum
1090 1825 1346 1873 emendaret,
1371 1827 1488 1877 prio-

100 1909 195 1935 rum
227 1894 452 1932 Censorum
477 1893 722 1944 negligentia
743 1892 949 1945 perditos,
974 1898 1045 1930 aut
1067 1899 1277 1944 pateretur
1298 1906 1340 1931 se
1361 1907 1487 1931 revo-

102 1978 196 2002 care
222 1963 441 2014 pristinum
463 1962 638 1999 civitatis
664 1965 833 1998 statum:
865 1973 1038 2012 quorum
1062 1961 1096 1998 si
1113 1967 1306 1999 neutrum
1317 1961 1487 2011 faceret,

101 2032 312 2070 minitatus
335 2018 636 2067 ‘abdicaturum
673 2041 715 2065 se
751 2041 844 2065 eum
880 2028 1129 2078 magistratu.
1193 2028 1347 2067 Decius
1388 2043 1487 2080 ergo

101 2097 326 2136 exterritus
351 2096 567 2147 permisit,
594 2103 664 2143 ut,
692 2094 1032 2147 quemadmodum
1061 2095 1210 2144 vellet,
1243 2110 1371 2148 remp.
1410 2097 1486 2134 aml-

102 2165 370 2207 ministraret,
401 2177 443 2200 se
468 2163 785 2201 consentiente.“
808 2183 859 2192 —
919 2163 1020 2200 Cato
1041 2161 1080 2200 h.
1104 2162 1131 2201 l.
1157 2168 1218 2202 est
1236 2163 1294 2202 M.
1307 2164 1483 2203 Porcius

103 2232 233 2279 Cato,
271 2230 546 2278 Tusculanus,
586 2230 804 2267 Censorias
850 2243 895 2267 ac
937 2230 1116 2280 Sapiens
1149 2236 1193 2268 et
1223 2232 1346 2284 vulgo
1381 2233 1484 2271 Cato

101 2300 247 2337 Maior
266 2296 334 2335 vel
352 2299 526 2334 Priscus
550 2297 652 2335 Cato
677 2295 821 2345 dictus,
845 2296 1066 2335 acerrimus
1088 2297 1312 2336 nobilitatis
1333 2299 1482 2338 adver-

101 2365 256 2414 sarius,
283 2365 399 2402 cujus
416 2363 628 2414 frugalitas
652 2364 863 2402 notissima
885 2370 927 2402 et
954 2364 1220 2403 celeberrima
1243 2367 1295 2404 ob
1324 2368 1481 2405 severi—

100 2439 228 2472 tatem
271 2445 461 2480 censura,
518 2444 637 2484 quam
680 2445 713 2469 a.
755 2431 848 2482 569.
898 2432 1032 2481 gessit.
1072 2445 1110 2471 v.
1144 2431 1238 2470 Liv.
1269 2433 1483 2483 XXXIX,

101 2501 159 2550 4ο
177 2500 306 2538 -44.
333 2499 439 2536 Plut.
459 2499 532 2536 vit.
554 2498 638 2536 Cat.
665 2504 707 2536 et
727 2491 963 2549 Pigh.A11n.
987 2499 1035 2537 T.
1057 2499 1110 2539 II.
1135 2501 1279 2551 p.251.
1306 2502 1388 2540 310
1401 2515 1482 2554 seq.

102 2573 145 2606 et
167 2567 258 2605 425.
317 2566 428 2604 Hinc
451 2572 491 2603 et
511 2565 636 2603 daras
649 2595 660 2613 ‚
692 2563 732 2602 h.
755 2579 788 2603 e.
815 2579 981 2604 severus
990 2595 1001 2614 ‚
1029 2565 1069 2604 h.
1090 2566 1117 2605 1.
1143 2573 1186 2605 et
1205 2567 1382 2606 Martial.
1405 2569 1483 2619 XI,

105 2675 134 2689 -,
153 2664 207 2686 20.
240 2666 273 2686 v.
305 2653 424 2744 ξυτω.
458 2651 504 2687 ad
525 2652 642 2688 Valer.
672 2652 728 2687 Pl.
744 2652 786 2697 V,
808 2650 885 2689 520.
925 2661 959 2687 et
981 2652 1102 2689 Heius.
1120 2654 1166 2690 ad
1193 2650 1319 2692 Claud.
1346 2657 1381 2689 in
1406 2656 1481 2690 Ru0

103 2712 165 2748 fin.
188 2711 237 2756 11,
265 2721 302 2745 12
328 2733 338 2745 .
