1686 3089
229 154 313 198 640
627 154 1222 197 COMMENTARIVS

228 272 351 317 XIV,
393 272 487 310 302.
529 271 623 324 quis
659 273 767 309 enim
804 272 932 307 nescit
965 275 1028 309 tot
1057 270 1240 321 quotidie
1276 270 1365 309 sere
1394 268 1605 322 naufragia

231 354 340 388 esse,
381 346 427 377 ut
455 342 638 392 pictores
678 341 754 377 iam
792 350 933 375 eorum
967 339 1126 389 pictura
1155 339 1232 376 sibi
1267 353 1407 389 parare
1437 340 1616 391 possints

231 421 334 459 quae
361 408 410 445 ad
435 407 588 446 victum
616 404 908 458 suppeditent?
966 405 1017 442 ccl)
1039 406 1148 443 Iside
1180 408 1329 455 pasci,
1358 406 1429 453 ali,
1465 408 1606 456 pieto—

228 490 319 520 res,
372 475 560 528 quoniam
602 475 645 513 in
685 474 769 510 eius
819 473 1074 523 potissimum
1114 473 1274 524 templis
1321 473 1517 516 tabellae,
1562 472 1610 510 in

229 544 376 595 quibus
405 544 557 594 pictum
581 548 665 578 erat
685 540 955 590 naufragium,
981 539 1340 591 suspendebantur.
1399 541 1610 591 Navigan-

228 616 293 648 tes
325 611 409 647 eius
430 610 580 647 tutelae
605 608 837 645 commissos
860 607 984 645 fuisse
1010 613 1146 649 monet
1172 606 1390 656 Luciauus,
1420 613 1461 645 ct
1487 621 1610 659 prae-

228 679 394 729 cipuum
429 677 536 714 illius
585 676 738 713 festum
779 674 932 712 Romae
970 680 1056 712 erat
1095 674 1220 711 lsida's
1261 678 1505 727 nat-sigium,
1559 673 1609 711 de

228 759 310 797 quo
345 759 383 783 v,
414 744 604 781 Lactant.
639 743 736 780 Inst.
772 742 804 791 Ι,
836 755 894 780 11.
930 747 973 779 et
1002 742 1124 794 Apul.
1155 742 1255 780 Met.
1279 743 1305 780 1.
1335 742 1412 780 XI.
1448 757 1486 793 p.
1515 740 1609 790 567.

226 812 291 853 ed.
321 811 426 849 Elm.

342 880 406 917 51.
436 878 654 915 Alternum
684 878 794 916 latas
822 879 983 916 arbori-s·
1014 877 1167 927 (navis,
1203 884 1250 915 ut
1273 891 1334 929 ap.
1360 876 1482 916 Ovid.
1506 876 1609 914 Her.

229 947 328 996 XII,
366 948 402 984 8.
441 959 524 983 non
562 945 678 994 mali,
730 951 779 983 ut
800 959 860 996 ap.
888 945 1001 995 Virg.
1034 945 1136 982 Aen.
1171 945 1224 995 V,
1264 946 1379 996 504.)
1420 948 1611 992 incertae,

228 1015 486 1061 fluctuantis,
514 1012 756 1057 (instabilis
781 1027 842 1063 ap.
866 1013 981 1061 Virg.
1006 1011 1079 1049 Ge.
1106 1012 1181 1059 IV,
1207 1012 1319 1062 195.)
1348 1025 1448 1063 quae
1470 1010 1610 1048 flucti-

229 1085 305 1123 bus
340 1089 381 1121 et
409 1079 542 1120 ventis
583 1078 704 1116 modo
735 1080 780 1117 in
814 1079 1026 1127 dextrum,
1076 1077 1196 1116 modo
1233 1079 1276 1117 in
1307 1079 1467 1116 laevum
1504 1078 1610 1114 latus

228 1153 472 1197 iactabatur3
520 1146 630 1183 unde
657 1147 780 1184 etiam
803 1146 1006 1182 alternum
1037 1145 1157 1182 latus.
1213 1144 1278 1183 Cf.
1297 1146 1394 1185 Var.
1414 1145 1530 1182 Lect.
1555 1164 1610 1175 —··

228 1221 295 1258 352
321 1217 511 1255 Rectoris
543 1215 664 1258 cani,
705 1212 812 1251 senis
837 1212 1019 1265 adeoque
1040 1225 1118 1250 usu
1138 1213 1284 1264 periti3
1333 1226 1412 1265 quo
1443 1213 1609 1264 pericu-

227 1287 315 1326 lum
338 1290 517 1336 augetur.
585 1280 808 1325 Dwidwe,
847 1279 897 1317 de
920 1281 1005 1318 vita
1027 1281 1139 1332 quasi
1170 1281 1320 1331 pacisci
1353 1294 1444 1320 czmz
1478 1281 1611 1319 ventis

231 1358 369 1398 iactu,
419 1348 613 1403 proiectis
642 1348 758 1386 bonis
791 1346 872 1384 suis
906 1352 947 1384 et
974 1361 1049 1398 pro
1082 1348 1167 1386 vita
1196 1349 1361 1397 oblatis,
1408 1354 1454 1384 ut
1480 1347 1610 1384 italis

229 1420 462 1466 dirimatur,
489 1440 496 1445 ·
518 1416 557 1454 h.
599 1431 633 1453 e.
676 1415 772 1453 navi
818 1420 1061 1463 exonerata,
1114 1415 1201 1452 vita
1241 1416 1381 1453 saltem
1424 1421 1609 1453 servetur

227 1486 384 1525 iactura
409 1486 623 1522 bonorum.
689 1480 849 1532 Lepida
874 1480 1000 1518 dictio
1024 1482 1154 1532 petita
1182 1496 1204 1519 a
1227 1482 1499 1533 litigantibu5‚
1539 1481 1607 1533 qui

228 1554 279 1592 de
306 1567 351 1591 re
377 1551 443 1590 vel
473 1564 559 1587 rem
593 1555 896 1587 controversam
932 1561 1070 1585 seeum
1105 1547 1318 1598 decidunt,
1358 1550 1472 1587 litem
1505 1549 1609 1587 diri-

229 1626 346 1660 munt
373 1619 571 1670 pactione.
603 1616 666 1653 Cf.
690 1615 818 1653 Gron.
851 1614 968 1652 Obss.
994 1615 1047 1663 ΙΙ,
1073 1615 1109 1653 6.

342 1687 408 1724 34.
436 1685 501 1722 35.
542 1684 709 1721 Festiva
746 1688 786 1719 et
824 1687 918 1732 apta
946 1682 1220 1733 comparatio,
1269 1683 1346 1720 etsi
1371 1684 1607 1723 continetur

228 1767 370 1795 errore
401 1751 536 1801 vulgi,
580 1764 658 1802 quo
688 1757 824 1787 castor
852 1762 881 1785 s·
915 1748 1038 1793 fiber,
1080 1749 1129 1787 ab
1159 1749 1392 1789 hominibus
1425 1753 1608 1803 exagita-

225 1830 314 1870 tus,
369 1819 578 1859 testiculos
615 1830 708 1855 suos
740 1829 879 1854 morsu
913 1817 1072 1855 avulsos
1108 1816 1286 1855 abiicere
1326 1825 1510 1869 putatur,
1561 1826 1606 1859 ut

226 1893 315 1943 ipse
341 1888 475 1926 salvus
499 1885 674 1930 evadat,
715 1883 829 1936 quasi
864 1885 1074 1935 intelligat
1085 1910 1099 1927 ,
1126 1884 1244 1932 sciat,
1282 1884 1450 1937 propter
1473 1893 1608 1925 casto-

225 1971 347 1997 reum
372 1969 414 1992 se
438 1954 616 1992 maxime
641 1952 781 2004 expeti
810 1949 1058 2001 insidiasque
1087 1951 1164 1988 sibi
1191 1953 1338 2001 parari.
1388 1952 1451 1991 Cf.
1487 1955 1606 1993 simil.

222 2026 300 2064 loc.
328 2023 399 2061 Sil.
419 2021 516 2069 XV,
546 2021 628 2058 484
652 2034 733 2071 seq.
760 2015 779 2039 ⁶
839 2017 954 2056 Idem
989 2017 1039 2056 de
1070 2017 1259 2056 dentibus
1295 2017 1606 2070 elephantorum

225 2096 426 2131 memorat
449 2089 553 2126 Prin.
580 2087 697 2135 VlII,
719 2088 756 2125 3.
781 2099 811 2123 s.
834 2086 871 2123 4.
909 2108 963 2116 —
1047 2085 1112 2123 56.
1142 2086 1269 2123 Poeta
1297 2086 1408 2124 ridet
1443 2088 1606 2139 opinio-

224 2174 321 2199 nem
346 2158 470 2208 vulgi.
511 2157 693 2207 inguen,
745 2158 867 2192 testes
899 2158 942 2191 et
977 2158 1219 2190 castoreum.
1275 2153 1465 2201 „Nostris
1497 2161 1606 2193 tem-

223 2227 393 2279 poribus
422 2230 568 2262 notum
593 2227 677 2267 est,
708 2226 960 2267 castoreum,
987 2219 1340 2269 medicamentum,
1369 2222 1412 2260 in
1434 2225 1605 2261 testicu-

223 2294 275 2332 lis
308 2292 477 2330 castoris
507 2304 590 2329 non
621 2287 849 2335 contineri,
899 2286 970 2323 sed
1002 2287 1047 2324 in
1086 2287 1245 2327 sacculo
1275 2288 1385 2326 inI'ra
1414 2297 1603 2331 ventrem

223 2361 410 2412 posito;“
438 2357 541 2396 Ach.
600 2356 871 2399 medicatam,
920 2354 1075 2404 active,
1126 2360 1174 2393 ut
1191 2356 1361 2408 passim,
1396 2370 1493 2410 pro:
1553 2357 1604 2396 ad

225 2425 512 2467 medicandum
538 2432 580 2464 et
599 2425 820 2464 medicinas
848 2426 957 2463 utile.

1403 2493 1469 2543 37.
1485 2494 1604 2532 Fan-

270 2580 306 2613 6.
348 2592 381 2613 v.
415 2581 558 2615 Aristot.
590 2581 635 2613 H.
676 2580 718 2613 A.
751 2579 830 2622 VII,
856 2579 888 2615 5.
953 2585 1000 2625 Π,
1022 2583 1077 2617 65,
1093 2591 1126 2615 et
1153 2581 1233 2614 214.
1256 2581 1389 2614 Schott·
1413 2580 1504 2613 Nod.
1526 2581 1600 2613 Cic.

226 2637 365 2672 Aelian.
385 2638 429 2670 H.
448 2638 490 2670 A.
505 2638 568 2678 VJ,
589 2638 689 2671 35.et
700 2637 754 2671 54.
778 2639 886 2670 Dios-
943 2641 971 2682 I,
993 2641 1047 2673 25.
1075 2640 1180 2673 Hard.
1202 2639 1245 2672 ad
1268 2639 1358 2672 Plin.
1381 2637 1480 2680 Vlss,
1500 2639 1555 2671 50.
1571 2651 1602 2671 s.

225 2706 296 2729 cor.
318 2694 363 2736 11,
387 2694 442 2727 25.
467 2701 501 2726 et
515 2693 571 2726 26.
596 2695 711 2727 Horas
729 2696 886 2741 Hierogl.
939 2700 998 2742 ἐς.
1025 2698 1170 2742 ΧΧΧῌ,
1193 2701 1266 2742 34?-
1294 2701 1346 2739 15.
1369 2697 1546 2739 XXXVII,
1565 2697 1598 2731 6.
