<?xml version="1.0" encoding="UTF-8"?>
<!DOCTYPE html PUBLIC "-//W3C//DTD XHTML 1.0 Transitional//EN"
    "http://www.w3.org/TR/xhtml1/DTD/xhtml1-transitional.dtd">
<html xmlns="http://www.w3.org/1999/xhtml" xml:lang="en" lang="en">
 <head>
  <title>
</title>
<meta http-equiv="Content-Type" content="text/html;charset=utf-8" />
  <meta name='ocr-system' content='tesseract 3.04.00' />
  <meta name='ocr-capabilities' content='ocr_page ocr_carea ocr_par ocr_line ocrx_word'/>
</head>
<body>
  <div class='ocr_page' id='page_1' title='image "./satirae16adoptim021juveuoft_0517.png"; bbox 0 0 1686 3089; ppageno 0'>
   <div class='ocr_carea' id='block_1_1' title="bbox 431 147 1486 208">
    <p class='ocr_par' dir='ltr' id='par_1_1' title="bbox 431 147 1486 208">
     <span class='ocr_line' id='line_1_1' title="bbox 431 147 1486 208; baseline 0.004 -18"><span class='ocrx_word' id='word_1_1' title='bbox 431 149 502 192; x_wconf 71' lang='lat' dir='ltr'><strong>IN</strong></span> <span class='ocrx_word' id='word_1_2' title='bbox 542 147 780 194; x_wconf 81' lang='lat' dir='ltr'>IVVEN.</span> <span class='ocrx_word' id='word_1_3' title='bbox 833 148 977 189; x_wconf 67' lang='lat' dir='ltr'><strong>sA‘r.</strong></span> <span class='ocrx_word' id='word_1_4' title='bbox 1026 150 1140 190; x_wconf 81' lang='lat' dir='ltr'><strong>vm.</strong></span> <span class='ocrx_word' id='word_1_5' title='bbox 1401 152 1486 208; x_wconf 77' lang='lat'><strong>495</strong></span> 
     </span>
    </p>
   </div>
   <div class='ocr_carea' id='block_1_2' title="bbox 85 263 1488 2416">
    <p class='ocr_par' dir='ltr' id='par_1_2' title="bbox 86 263 1488 1860">
     <span class='ocr_line' id='line_1_2' title="bbox 100 263 1485 318; baseline 0 -14"><span class='ocrx_word' id='word_1_6' title='bbox 100 278 221 318; x_wconf 83' lang='lat' dir='ltr'><strong>quam</strong></span> <span class='ocrx_word' id='word_1_7' title='bbox 260 263 295 303; x_wconf 84' lang='lat' dir='ltr'><strong>si</strong></span> <span class='ocrx_word' id='word_1_8' title='bbox 323 278 418 304; x_wconf 87' lang='lat' dir='ltr'><strong>cum</strong></span> <span class='ocrx_word' id='word_1_9' title='bbox 454 267 653 317; x_wconf 82' lang='lat' dir='ltr'>peritiore</span> <span class='ocrx_word' id='word_1_10' title='bbox 675 265 894 316; x_wconf 81' lang='lat' dir='ltr'><strong>gladiatore</strong></span> <span class='ocrx_word' id='word_1_11' title='bbox 917 271 1194 316; x_wconf 64' lang='lat' dir='ltr'><strong>comparatum,</strong></span> <span class='ocrx_word' id='word_1_12' title='bbox 1222 266 1357 303; x_wconf 68' lang='lat' dir='ltr'><strong>victus</strong></span> <span class='ocrx_word' id='word_1_13' title='bbox 1376 266 1485 315; x_wconf 68' lang='lat' dir='ltr'><strong>mu]-x</strong></span> 
     </span>
     <span class='ocr_line' id='line_1_3' title="bbox 97 333 1487 386; baseline -0.001 -14"><span class='ocrx_word' id='word_1_14' title='bbox 97 338 231 386; x_wconf 84' lang='lat' dir='ltr'><strong>tisque</strong></span> <span class='ocrx_word' id='word_1_15' title='bbox 253 333 490 372; x_wconf 87' lang='lat' dir='ltr'><strong>vulneribus</strong></span> <span class='ocrx_word' id='word_1_16' title='bbox 515 334 727 372; x_wconf 78' lang='lat' dir='ltr'><strong>consectus</strong></span> <span class='ocrx_word' id='word_1_17' title='bbox 741 339 866 371; x_wconf 85' lang='lat' dir='ltr'><strong>esset:</strong></span> <span class='ocrx_word' id='word_1_18' title='bbox 895 347 988 371; x_wconf 86' lang='lat' dir='ltr'><strong>nam</strong></span> <span class='ocrx_word' id='word_1_19' title='bbox 1009 347 1132 371; x_wconf 87' lang='lat' dir='ltr'><strong>manu</strong></span> <span class='ocrx_word' id='word_1_20' title='bbox 1142 336 1222 370; x_wconf 82' lang='lat' dir='ltr'><strong>virl</strong></span> <span class='ocrx_word' id='word_1_21' title='bbox 1237 339 1279 369; x_wconf 72' lang='lat' dir='ltr'><strong>ot</strong></span> <span class='ocrx_word' id='word_1_22' title='bbox 1299 335 1421 370; x_wconf 65' lang='lat' dir='ltr'><strong>sortis</strong></span> <span class='ocrx_word' id='word_1_23' title='bbox 1446 341 1487 371; x_wconf 84' lang='lat' dir='ltr'><strong>et</strong></span> 
     </span>
     <span class='ocr_line' id='line_1_4' title="bbox 97 401 1486 453; baseline 0 -14"><span class='ocrx_word' id='word_1_24' title='bbox 97 402 196 439; x_wconf 82' lang='lat' dir='ltr'><strong>artis</strong></span> <span class='ocrx_word' id='word_1_25' title='bbox 234 401 441 453; x_wconf 87' lang='lat' dir='ltr'><strong>pugnandi</strong></span> <span class='ocrx_word' id='word_1_26' title='bbox 478 403 591 452; x_wconf 80' lang='lat' dir='ltr'><strong>gnari</strong></span> <span class='ocrx_word' id='word_1_27' title='bbox 626 402 765 453; x_wconf 84' lang='lat' dir='ltr'><strong>perire</strong></span> <span class='ocrx_word' id='word_1_28' title='bbox 785 415 866 439; x_wconf 86' lang='lat' dir='ltr'><strong>non</strong></span> <span class='ocrx_word' id='word_1_29' title='bbox 887 408 968 439; x_wconf 86' lang='lat' dir='ltr'><strong>tam</strong></span> <span class='ocrx_word' id='word_1_30' title='bbox 998 407 1147 452; x_wconf 83' lang='lat' dir='ltr'><strong>turpe,</strong></span> <span class='ocrx_word' id='word_1_31' title='bbox 1175 402 1301 438; x_wconf 80' lang='lat' dir='ltr'><strong>immo</strong></span> <span class='ocrx_word' id='word_1_32' title='bbox 1328 403 1486 452; x_wconf 78' lang='lat' dir='ltr'><strong>glorio-</strong></span> 
     </span>
     <span class='ocr_line' id='line_1_5' title="bbox 94 469 1488 521; baseline 0 -14"><span class='ocrx_word' id='word_1_33' title='bbox 94 470 180 507; x_wconf 82' lang='lat' dir='ltr'><strong>sius</strong></span> <span class='ocrx_word' id='word_1_34' title='bbox 209 475 295 518; x_wconf 85' lang='lat' dir='ltr'><strong>est,</strong></span> <span class='ocrx_word' id='word_1_35' title='bbox 337 483 457 521; x_wconf 87' lang='lat' dir='ltr'><strong>quam</strong></span> <span class='ocrx_word' id='word_1_36' title='bbox 486 469 667 507; x_wconf 84' lang='lat' dir='ltr'><strong>nobilem</strong></span> <span class='ocrx_word' id='word_1_37' title='bbox 699 470 888 517; x_wconf 87' lang='lat' dir='ltr'><strong>vincere,</strong></span> <span class='ocrx_word' id='word_1_38' title='bbox 933 469 1004 520; x_wconf 84' lang='lat' dir='ltr'><strong>qui</strong></span> <span class='ocrx_word' id='word_1_39' title='bbox 1038 474 1078 505; x_wconf 92' lang='lat' dir='ltr'><strong>et</strong></span> <span class='ocrx_word' id='word_1_40' title='bbox 1106 469 1327 520; x_wconf 80' lang='lat' dir='ltr'><strong>imperitus</strong></span> <span class='ocrx_word' id='word_1_41' title='bbox 1357 477 1418 506; x_wconf 88' lang='lat' dir='ltr'><strong>est</strong></span> <span class='ocrx_word' id='word_1_42' title='bbox 1447 476 1488 508; x_wconf 84' lang='lat' dir='ltr'><strong>et</strong></span> 
     </span>
     <span class='ocr_line' id='line_1_6' title="bbox 92 536 1487 589; baseline 0.001 -15"><span class='ocrx_word' id='word_1_43' title='bbox 92 537 264 589; x_wconf 87' lang='lat' dir='ltr'><strong>ignavus</strong></span> <span class='ocrx_word' id='word_1_44' title='bbox 311 537 615 588; x_wconf 83' lang='lat' dir='ltr'>confestimque</span> <span class='ocrx_word' id='word_1_45' title='bbox 659 536 778 587; x_wconf 81' lang='lat' dir='ltr'><strong>sugit.</strong></span> <span class='ocrx_word' id='word_1_46' title='bbox 859 536 1050 574; x_wconf 88' lang='lat' dir='ltr'><strong>Gloriosa</strong></span> <span class='ocrx_word' id='word_1_47' title='bbox 1094 537 1320 588; x_wconf 81' lang='lat' dir='ltr'><strong>putabatur</strong></span> <span class='ocrx_word' id='word_1_48' title='bbox 1363 552 1487 586; x_wconf 84' lang='lat' dir='ltr'><strong>mors,</strong></span> 
     </span>
     <span class='ocr_line' id='line_1_7' title="bbox 93 603 1486 657; baseline 0 -15"><span class='ocrx_word' id='word_1_49' title='bbox 93 617 218 642; x_wconf 86' lang='lat' dir='ltr'><strong>manu</strong></span> <span class='ocrx_word' id='word_1_50' title='bbox 243 605 325 642; x_wconf 85' lang='lat' dir='ltr'><strong>viri</strong></span> <span class='ocrx_word' id='word_1_51' title='bbox 358 604 474 642; x_wconf 79' lang='lat' dir='ltr'><strong>fortis</strong></span> <span class='ocrx_word' id='word_1_52' title='bbox 505 604 639 652; x_wconf 74' lang='lat' dir='ltr'><strong>illata,</strong></span> <span class='ocrx_word' id='word_1_53' title='bbox 691 609 734 640; x_wconf 89' lang='lat' dir='ltr'><strong>et</strong></span> <span class='ocrx_word' id='word_1_54' title='bbox 764 603 823 640; x_wconf 89' lang='lat' dir='ltr'><strong>ita</strong></span> <span class='ocrx_word' id='word_1_55' title='bbox 854 605 1050 642; x_wconf 79' lang='lat' dir='ltr'><strong>cecidisse</strong></span> <span class='ocrx_word' id='word_1_56' title='bbox 1071 605 1300 642; x_wconf 73' lang='lat' dir='ltr'><strong>maximum</strong></span> <span class='ocrx_word' id='word_1_57' title='bbox 1338 606 1486 657; x_wconf 83' lang='lat' dir='ltr'><strong>mortis</strong></span> 
     </span>
     <span class='ocr_line' id='line_1_8' title="bbox 92 668 1484 720; baseline 0 -10"><span class='ocrx_word' id='word_1_58' title='bbox 92 672 285 710; x_wconf 85' lang='lat' dir='ltr'><strong>solatium</strong></span> <span class='ocrx_word' id='word_1_59' title='bbox 321 671 560 713; x_wconf 82' lang='lat' dir='ltr'><strong>habebatur.</strong></span> <span class='ocrx_word' id='word_1_60' title='bbox 587 668 624 692; x_wconf 77' lang='lat'><strong>⁶³</strong></span> <span class='ocrx_word' id='word_1_61' title='bbox 681 670 792 708; x_wconf 82' lang='lat' dir='ltr'><strong>Nota</strong></span> <span class='ocrx_word' id='word_1_62' title='bbox 811 672 935 709; x_wconf 86' lang='lat' dir='ltr'><strong>Hein.</strong></span> <span class='ocrx_word' id='word_1_63' title='bbox 960 678 1040 710; x_wconf 87' lang='lat' dir='ltr'><strong>est:</strong></span> <span class='ocrx_word' id='word_1_64' title='bbox 1091 673 1231 720; x_wconf 82' lang='lat' dir='ltr'><strong>„Hace</strong></span> <span class='ocrx_word' id='word_1_65' title='bbox 1250 673 1377 710; x_wconf 77' lang='lat' dir='ltr'><strong>verba</strong></span> <span class='ocrx_word' id='word_1_66' title='bbox 1402 673 1484 710; x_wconf 84' lang='lat' dir='ltr'><strong>rite</strong></span> 
     </span>
     <span class='ocr_line' id='line_1_9' title="bbox 91 737 1485 791; baseline 0 -13"><span class='ocrx_word' id='word_1_67' title='bbox 91 740 152 778; x_wconf 81' lang='lat' dir='ltr'><strong>ita</strong></span> <span class='ocrx_word' id='word_1_68' title='bbox 177 740 448 791; x_wconf 85' lang='lat' dir='ltr'><strong>explicantur.</strong></span> <span class='ocrx_word' id='word_1_69' title='bbox 519 737 777 776; x_wconf 82' lang='lat' dir='ltr'><strong>Gladiatores</strong></span> <span class='ocrx_word' id='word_1_70' title='bbox 813 739 922 776; x_wconf 83' lang='lat' dir='ltr'><strong>enim</strong></span> <span class='ocrx_word' id='word_1_71' title='bbox 958 745 1080 790; x_wconf 83' lang='lat' dir='ltr'><strong>turpe</strong></span> <span class='ocrx_word' id='word_1_72' title='bbox 1116 740 1338 791; x_wconf 82' lang='lat' dir='ltr'><strong>putabant,</strong></span> <span class='ocrx_word' id='word_1_73' title='bbox 1389 754 1485 778; x_wconf 84' lang='lat' dir='ltr'><strong>cum</strong></span> 
     </span>
     <span class='ocr_line' id='line_1_10' title="bbox 93 805 1482 859; baseline 0 -15"><span class='ocrx_word' id='word_1_74' title='bbox 93 807 301 845; x_wconf 84' lang='lat' dir='ltr'><strong>deteriore</strong></span> <span class='ocrx_word' id='word_1_75' title='bbox 324 806 564 858; x_wconf 83' lang='lat' dir='ltr'><strong>comparari,</strong></span> <span class='ocrx_word' id='word_1_76' title='bbox 590 805 635 842; x_wconf 84' lang='lat' dir='ltr'><strong>id</strong></span> <span class='ocrx_word' id='word_1_77' title='bbox 658 805 768 857; x_wconf 88' lang='lat' dir='ltr'><strong>quod</strong></span> <span class='ocrx_word' id='word_1_78' title='bbox 785 805 942 857; x_wconf 79' lang='lat' dir='ltr'><strong>liquide</strong></span> <span class='ocrx_word' id='word_1_79' title='bbox 970 807 1090 845; x_wconf 83' lang='lat' dir='ltr'><strong>docet</strong></span> <span class='ocrx_word' id='word_1_80' title='bbox 1113 807 1206 844; x_wconf 88' lang='lat' dir='ltr'><strong>Sen.</strong></span> <span class='ocrx_word' id='word_1_81' title='bbox 1229 807 1280 845; x_wconf 85' lang='lat' dir='ltr'><strong>de</strong></span> <span class='ocrx_word' id='word_1_82' title='bbox 1303 822 1420 859; x_wconf 83' lang='lat' dir='ltr'><strong>prov,</strong></span> <span class='ocrx_word' id='word_1_83' title='bbox 1445 810 1482 846; x_wconf 80' lang='lat'><strong>3.</strong></span> 
     </span>
     <span class='ocr_line' id='line_1_11' title="bbox 87 872 1485 927; baseline 0.001 -14"><span class='ocrx_word' id='word_1_84' title='bbox 87 875 375 927; x_wconf 79' lang='lat' dir='ltr'><strong>Ignominiam</strong></span> <span class='ocrx_word' id='word_1_85' title='bbox 398 873 552 911; x_wconf 89' lang='lat' dir='ltr'><strong>iudicat</strong></span> <span class='ocrx_word' id='word_1_86' title='bbox 571 872 792 923; x_wconf 80' lang='lat' dir='ltr'><strong>gladiator,</strong></span> <span class='ocrx_word' id='word_1_87' title='bbox 833 886 927 912; x_wconf 89' lang='lat' dir='ltr'><strong>cum</strong></span> <span class='ocrx_word' id='word_1_88' title='bbox 954 874 1153 912; x_wconf 79' lang='lat' dir='ltr'><strong>inferiore</strong></span> <span class='ocrx_word' id='word_1_89' title='bbox 1185 876 1399 926; x_wconf 75' lang='lat' dir='ltr'><strong>componi,</strong></span> <span class='ocrx_word' id='word_1_90' title='bbox 1443 881 1485 914; x_wconf 80' lang='lat' dir='ltr'><strong>et</strong></span> 
     </span>
     <span class='ocr_line' id='line_1_12' title="bbox 91 940 1486 993; baseline 0 -13"><span class='ocrx_word' id='word_1_91' title='bbox 91 944 191 992; x_wconf 82' lang='lat' dir='ltr'><strong>scit,</strong></span> <span class='ocrx_word' id='word_1_92' title='bbox 236 956 331 981; x_wconf 87' lang='lat' dir='ltr'><strong>eum</strong></span> <span class='ocrx_word' id='word_1_93' title='bbox 369 942 458 979; x_wconf 89' lang='lat' dir='ltr'><strong>sine</strong></span> <span class='ocrx_word' id='word_1_94' title='bbox 487 941 616 992; x_wconf 85' lang='lat' dir='ltr'><strong>gloria</strong></span> <span class='ocrx_word' id='word_1_95' title='bbox 649 940 786 984; x_wconf 78' lang='lat' dir='ltr'><strong>vinci,</strong></span> <span class='ocrx_word' id='word_1_96' title='bbox 819 941 888 992; x_wconf 89' lang='lat' dir='ltr'><strong>qui</strong></span> <span class='ocrx_word' id='word_1_97' title='bbox 922 941 1010 979; x_wconf 88' lang='lat' dir='ltr'><strong>sine</strong></span> <span class='ocrx_word' id='word_1_98' title='bbox 1041 943 1228 993; x_wconf 83' lang='lat' dir='ltr'><strong>periculo</strong></span> <span class='ocrx_word' id='word_1_99' title='bbox 1261 944 1486 980; x_wconf 71' lang='lat' dir='ltr'><strong>vins·im1·.“</strong></span> 
     </span>
     <span class='ocr_line' id='line_1_13' title="bbox 90 1007 1483 1062; baseline -0.001 -14"><span class='ocrx_word' id='word_1_100' title='bbox 90 1022 185 1052; x_wconf 83' lang='lat'>211.</span> <span class='ocrx_word' id='word_1_101' title='bbox 214 1010 371 1048; x_wconf 78' lang='lat' dir='ltr'><strong>Libera</strong></span> <span class='ocrx_word' id='word_1_102' title='bbox 393 1009 617 1062; x_wconf 72' lang='lat' dir='ltr'><strong>suffragia,</strong></span> <span class='ocrx_word' id='word_1_103' title='bbox 643 1007 805 1056; x_wconf 84' lang='lat' dir='ltr'><strong>iudicia,</strong></span> <span class='ocrx_word' id='word_1_104' title='bbox 834 1009 1075 1054; x_wconf 77' lang='lat' dir='ltr'><strong>sententiae.</strong></span> <span class='ocrx_word' id='word_1_105' title='bbox 1114 1009 1325 1060; x_wconf 63' lang='lat' dir='ltr'><strong>Loquitur</strong></span> <span class='ocrx_word' id='word_1_106' title='bbox 1348 1017 1483 1061; x_wconf 68' lang='lat' dir='ltr'><strong>poeta,</strong></span> 
     </span>
     <span class='ocr_line' id='line_1_14' title="bbox 91 1075 1484 1128; baseline -0.001 -12"><span class='ocrx_word' id='word_1_107' title='bbox 91 1078 209 1116; x_wconf 86' lang='lat' dir='ltr'><strong>cuius</strong></span> <span class='ocrx_word' id='word_1_108' title='bbox 246 1077 500 1128; x_wconf 83' lang='lat' dir='ltr'><strong>temporibus</strong></span> <span class='ocrx_word' id='word_1_109' title='bbox 531 1088 616 1113; x_wconf 91' lang='lat' dir='ltr'><strong>non</strong></span> <span class='ocrx_word' id='word_1_110' title='bbox 642 1075 764 1113; x_wconf 89' lang='lat' dir='ltr'><strong>modo</strong></span> <span class='ocrx_word' id='word_1_111' title='bbox 795 1075 960 1126; x_wconf 85' lang='lat' dir='ltr'><strong>agendi,</strong></span> <span class='ocrx_word' id='word_1_112' title='bbox 1015 1076 1087 1113; x_wconf 79' lang='lat' dir='ltr'><strong>sed</strong></span> <span class='ocrx_word' id='word_1_113' title='bbox 1116 1083 1156 1114; x_wconf 85' lang='lat' dir='ltr'><strong>et</strong></span> <span class='ocrx_word' id='word_1_114' title='bbox 1179 1077 1390 1114; x_wconf 78' lang='lat' dir='ltr'><strong>iudicandi</strong></span> <span class='ocrx_word' id='word_1_115' title='bbox 1418 1078 1484 1115; x_wconf 82' lang='lat' dir='ltr'><strong>di-</strong></span> 
     </span>
     <span class='ocr_line' id='line_1_15' title="bbox 91 1143 1481 1196; baseline 0 -13"><span class='ocrx_word' id='word_1_116' title='bbox 91 1144 293 1196; x_wconf 84' lang='lat' dir='ltr'><strong>cendique</strong></span> <span class='ocrx_word' id='word_1_117' title='bbox 330 1144 496 1182; x_wconf 87' lang='lat' dir='ltr'><strong>libertas</strong></span> <span class='ocrx_word' id='word_1_118' title='bbox 543 1143 732 1180; x_wconf 85' lang='lat' dir='ltr'><strong>omnibus</strong></span> <span class='ocrx_word' id='word_1_119' title='bbox 772 1143 955 1194; x_wconf 86' lang='lat' dir='ltr'><strong>praecisa</strong></span> <span class='ocrx_word' id='word_1_120' title='bbox 991 1151 1089 1181; x_wconf 76' lang='lat' dir='ltr'><strong>erat.</strong></span> <span class='ocrx_word' id='word_1_121' title='bbox 1172 1146 1285 1182; x_wconf 73' lang='lat' dir='ltr'><strong>Vera</strong></span> <span class='ocrx_word' id='word_1_122' title='bbox 1331 1152 1481 1194; x_wconf 81' lang='lat' dir='ltr'><strong>autem,</strong></span> 
     </span>
     <span class='ocr_line' id='line_1_16' title="bbox 90 1209 1482 1265; baseline 0.001 -15"><span class='ocrx_word' id='word_1_123' title='bbox 90 1214 261 1265; x_wconf 89' lang='lat' dir='ltr'><strong>opinor,</strong></span> <span class='ocrx_word' id='word_1_124' title='bbox 290 1217 352 1249; x_wconf 89' lang='lat' dir='ltr'><strong>est</strong></span> <span class='ocrx_word' id='word_1_125' title='bbox 374 1211 575 1252; x_wconf 76' lang='lat' dir='ltr'><strong>sententia</strong></span> <span class='ocrx_word' id='word_1_126' title='bbox 601 1210 749 1260; x_wconf 85' lang='lat' dir='ltr'><strong>Grang.</strong></span> <span class='ocrx_word' id='word_1_127' title='bbox 773 1216 816 1247; x_wconf 85' lang='lat' dir='ltr'><strong>et</strong></span> <span class='ocrx_word' id='word_1_128' title='bbox 839 1209 941 1248; x_wconf 83' lang='lat' dir='ltr'><strong>Ach.</strong></span> <span class='ocrx_word' id='word_1_129' title='bbox 967 1212 1036 1263; x_wconf 87' lang='lat' dir='ltr'><strong>qui</strong></span> <span class='ocrx_word' id='word_1_130' title='bbox 1058 1218 1227 1263; x_wconf 75' lang='lat' dir='ltr'><strong>putant,</strong></span> <span class='ocrx_word' id='word_1_131' title='bbox 1258 1215 1306 1252; x_wconf 83' lang='lat' dir='ltr'><strong>ab</strong></span> <span class='ocrx_word' id='word_1_132' title='bbox 1334 1228 1381 1251; x_wconf 85' lang='lat' dir='ltr'><strong>eo</strong></span> <span class='ocrx_word' id='word_1_133' title='bbox 1407 1214 1482 1251; x_wconf 86' lang='lat' dir='ltr'><strong>de-</strong></span> 
     </span>
     <span class='ocr_line' id='line_1_17' title="bbox 88 1277 1481 1333; baseline 0.001 -15"><span class='ocrx_word' id='word_1_134' title='bbox 88 1280 242 1332; x_wconf 85' lang='lat' dir='ltr'><strong>signari</strong></span> <span class='ocrx_word' id='word_1_135' title='bbox 271 1278 483 1331; x_wconf 75' lang='lat' dir='ltr'><strong>suffragia</strong></span> <span class='ocrx_word' id='word_1_136' title='bbox 515 1277 692 1328; x_wconf 79' lang='lat' dir='ltr'><strong>eligendi</strong></span> <span class='ocrx_word' id='word_1_137' title='bbox 715 1278 980 1329; x_wconf 75' lang='lat' dir='ltr'><strong>Imperatoris</strong></span> <span class='ocrx_word' id='word_1_138' title='bbox 1006 1285 1047 1316; x_wconf 85' lang='lat' dir='ltr'><strong>et</strong></span> <span class='ocrx_word' id='word_1_139' title='bbox 1071 1281 1223 1331; x_wconf 75' lang='lat' dir='ltr'><strong>respici</strong></span> <span class='ocrx_word' id='word_1_140' title='bbox 1258 1295 1325 1329; x_wconf 85' lang='lat' dir='ltr'><strong>ea,</strong></span> <span class='ocrx_word' id='word_1_141' title='bbox 1377 1296 1481 1333; x_wconf 77' lang='lat' dir='ltr'><strong>quae</strong></span> 
     </span>
     <span class='ocr_line' id='line_1_18' title="bbox 86 1345 1482 1398; baseline 0 -11"><span class='ocrx_word' id='word_1_142' title='bbox 86 1348 216 1387; x_wconf 79' lang='lat' dir='ltr'><strong>tradit</strong></span> <span class='ocrx_word' id='word_1_143' title='bbox 237 1348 333 1385; x_wconf 85' lang='lat' dir='ltr'><strong>Tac.</strong></span> <span class='ocrx_word' id='word_1_144' title='bbox 354 1346 460 1384; x_wconf 86' lang='lat' dir='ltr'><strong>Ann.</strong></span> <span class='ocrx_word' id='word_1_145' title='bbox 488 1346 585 1394; x_wconf 87' lang='lat' dir='ltr'><strong>XV,</strong></span> <span class='ocrx_word' id='word_1_146' title='bbox 611 1345 674 1383; x_wconf 84' lang='grc'><strong>65.</strong></span> <span class='ocrx_word' id='word_1_147' title='bbox 722 1346 858 1383; x_wconf 83' lang='lat' dir='ltr'><strong>Fama</strong></span> <span class='ocrx_word' id='word_1_148' title='bbox 885 1347 1004 1398; x_wconf 73' lang='lat' dir='ltr'><strong>ficit,</strong></span> <span class='ocrx_word' id='word_1_149' title='bbox 1052 1347 1248 1387; x_wconf 70' lang='lat' dir='ltr'><strong>Subrium</strong></span> <span class='ocrx_word' id='word_1_150' title='bbox 1283 1350 1482 1387; x_wconf 52' lang='lat' dir='ltr'><strong>landum</strong></span> 
     </span>
     <span class='ocr_line' id='line_1_19' title="bbox 90 1413 1480 1468; baseline -0.001 -13"><span class='ocrx_word' id='word_1_151' title='bbox 90 1431 184 1454; x_wconf 77' lang='lat' dir='ltr'><strong>cum</strong></span> <span class='ocrx_word' id='word_1_152' title='bbox 217 1413 528 1453; x_wconf 75' lang='lat' dir='ltr'><strong>centurionibus</strong></span> <span class='ocrx_word' id='word_1_153' title='bbox 559 1413 715 1450; x_wconf 71' lang='lat' dir='ltr'><strong>occulto</strong></span> <span class='ocrx_word' id='word_1_154' title='bbox 751 1415 952 1457; x_wconf 69' lang='lat' dir='ltr'><strong>consilio,</strong></span> <span class='ocrx_word' id='word_1_155' title='bbox 1012 1429 1143 1465; x_wconf 77' lang='lat' dir='ltr'><strong>neque</strong></span> <span class='ocrx_word' id='word_1_156' title='bbox 1180 1424 1320 1453; x_wconf 81' lang='lat' dir='ltr'><strong>lamen</strong></span> <span class='ocrx_word' id='word_1_157' title='bbox 1354 1420 1480 1468; x_wconf 72' lang='lat' dir='ltr'><strong>igno-</strong></span> 
     </span>
     <span class='ocr_line' id='line_1_20' title="bbox 88 1481 1481 1533; baseline -0.001 -11"><span class='ocrx_word' id='word_1_158' title='bbox 88 1492 209 1522; x_wconf 84' lang='lat' dir='ltr'><strong>rante</strong></span> <span class='ocrx_word' id='word_1_159' title='bbox 232 1484 410 1526; x_wconf 79' lang='lat' dir='ltr'><strong>Seneca,</strong></span> <span class='ocrx_word' id='word_1_160' title='bbox 441 1481 735 1523; x_wconf 63' lang='lat' dir='ltr'><strong>destinavisse,</strong></span> <span class='ocrx_word' id='word_1_161' title='bbox 764 1489 810 1517; x_wconf 79' lang='lat' dir='ltr'><strong>at</strong></span> <span class='ocrx_word' id='word_1_162' title='bbox 830 1489 928 1530; x_wconf 75' lang='lat' dir='ltr'><strong>post</strong></span> <span class='ocrx_word' id='word_1_163' title='bbox 949 1484 1128 1519; x_wconf 63' lang='lat' dir='ltr'><strong>occisam</strong></span> <span class='ocrx_word' id='word_1_164' title='bbox 1158 1496 1285 1533; x_wconf 67' lang='lat' dir='ltr'><strong>opera</strong></span> <span class='ocrx_word' id='word_1_165' title='bbox 1304 1486 1481 1522; x_wconf 54' lang='lat' dir='ltr'><strong>Pisonis</strong></span> 
     </span>
     <span class='ocr_line' id='line_1_21' title="bbox 88 1548 1480 1603; baseline 0.001 -14"><span class='ocrx_word' id='word_1_166' title='bbox 88 1554 296 1590; x_wconf 75' lang='lat' dir='ltr'><strong>Neronem</strong></span> <span class='ocrx_word' id='word_1_167' title='bbox 327 1552 432 1588; x_wconf 77' lang='lat' dir='ltr'><strong>Piso</strong></span> <span class='ocrx_word' id='word_1_168' title='bbox 463 1562 623 1600; x_wconf 78' lang='lat' dir='ltr'><strong>qnoque</strong></span> <span class='ocrx_word' id='word_1_169' title='bbox 667 1548 964 1595; x_wconf 68' lang='lat' dir='ltr'><strong>interficeretur</strong></span> <span class='ocrx_word' id='word_1_170' title='bbox 1005 1549 1314 1602; x_wconf 70' lang='lat' dir='ltr'><strong>tradereturque</strong></span> <span class='ocrx_word' id='word_1_171' title='bbox 1345 1554 1480 1603; x_wconf 79' lang='lat' dir='ltr'><strong>impe-</strong></span> 
     </span>
     <span class='ocr_line' id='line_1_22' title="bbox 89 1617 1483 1667; baseline 0.001 -11"><span class='ocrx_word' id='word_1_172' title='bbox 89 1622 199 1656; x_wconf 72' lang='lat' dir='ltr'><strong>rium</strong></span> <span class='ocrx_word' id='word_1_173' title='bbox 237 1618 438 1661; x_wconf 78' lang='lat' dir='ltr'><strong>Senecae,</strong></span> <span class='ocrx_word' id='word_1_174' title='bbox 486 1617 611 1667; x_wconf 74' lang='lat' dir='ltr'><strong>qua-si</strong></span> <span class='ocrx_word' id='word_1_175' title='bbox 655 1617 835 1660; x_wconf 69' lang='lat' dir='ltr'><strong>insonti,</strong></span> <span class='ocrx_word' id='word_1_176' title='bbox 881 1617 1134 1653; x_wconf 73' lang='lat' dir='ltr'><strong>claritudine</strong></span> <span class='ocrx_word' id='word_1_177' title='bbox 1175 1620 1378 1656; x_wconf 68' lang='lat' dir='ltr'><strong>virtutum</strong></span> <span class='ocrx_word' id='word_1_178' title='bbox 1421 1619 1483 1657; x_wconf 79' lang='lat' dir='ltr'><strong>acl</strong></span> 
     </span>
     <span class='ocr_line' id='line_1_23' title="bbox 89 1682 1480 1736; baseline 0.001 -13"><span class='ocrx_word' id='word_1_179' title='bbox 89 1699 291 1723; x_wconf 72' lang='lat' dir='ltr'><strong>summum</strong></span> <span class='ocrx_word' id='word_1_180' title='bbox 313 1685 550 1736; x_wconf 67' lang='lat' dir='ltr'><strong>fastigium</strong></span> <span class='ocrx_word' id='word_1_181' title='bbox 577 1682 742 1720; x_wconf 73' lang='lat' dir='ltr'><strong>delecto.</strong></span> <span class='ocrx_word' id='word_1_182' title='bbox 764 1704 820 1711; x_wconf 84' lang='lat'><strong>—-</strong></span> <span class='ocrx_word' id='word_1_183' title='bbox 889 1684 1104 1732; x_wconf 80' lang='lat' dir='ltr'><strong>Senecam,</strong></span> <span class='ocrx_word' id='word_1_184' title='bbox 1141 1685 1280 1723; x_wconf 70' lang='lat' dir='ltr'><strong>virum</strong></span> <span class='ocrx_word' id='word_1_185' title='bbox 1313 1686 1480 1736; x_wconf 65' lang='lat' dir='ltr'><strong>ignobi-</strong></span> 
     </span>
     <span class='ocr_line' id='line_1_24' title="bbox 88 1750 1479 1805; baseline 0.001 -14"><span class='ocrx_word' id='word_1_186' title='bbox 88 1753 192 1799; x_wconf 88' lang='lat' dir='ltr'><strong>lem,</strong></span> <span class='ocrx_word' id='word_1_187' title='bbox 221 1751 292 1789; x_wconf 87' lang='lat' dir='ltr'><strong>sed</strong></span> <span class='ocrx_word' id='word_1_188' title='bbox 315 1751 480 1799; x_wconf 84' lang='lat' dir='ltr'><strong>bonum,</strong></span> <span class='ocrx_word' id='word_1_189' title='bbox 510 1757 621 1789; x_wconf 81' lang='lat' dir='ltr'><strong>certe</strong></span> <span class='ocrx_word' id='word_1_190' title='bbox 646 1750 774 1787; x_wconf 84' lang='lat' dir='ltr'><strong>multo</strong></span> <span class='ocrx_word' id='word_1_191' title='bbox 798 1750 1012 1789; x_wconf 85' lang='lat' dir='ltr'><strong>meliorem</strong></span> <span class='ocrx_word' id='word_1_192' title='bbox 1035 1752 1291 1804; x_wconf 69' lang='lat' dir='ltr'><strong>imperioque</strong></span> <span class='ocrx_word' id='word_1_193' title='bbox 1315 1753 1479 1805; x_wconf 80' lang='lat' dir='ltr'><strong>dignio-</strong></span> 
     </span>
     <span class='ocr_line' id='line_1_25' title="bbox 86 1819 386 1860; baseline -0.017 0"><span class='ocrx_word' id='word_1_194' title='bbox 86 1835 176 1860; x_wconf 88' lang='lat' dir='ltr'><strong>rem</strong></span> <span class='ocrx_word' id='word_1_195' title='bbox 200 1819 386 1857; x_wconf 53' lang='lat' dir='ltr'><strong>Nerone</strong></span> 
     </span>
    </p>

    <p class='ocr_par' dir='ltr' id='par_1_3' title="bbox 85 1879 1480 2416">
     <span class='ocr_line' id='line_1_26' title="bbox 198 1879 1480 1939; baseline 0.002 -14"><span class='ocrx_word' id='word_1_196' title='bbox 198 1888 292 1926; x_wconf 82' lang='lat'>213.</span> <span class='ocrx_word' id='word_1_197' title='bbox 323 1887 360 1924; x_wconf 81' lang='lat'><strong>4.</strong></span> <span class='ocrx_word' id='word_1_198' title='bbox 406 1885 520 1923; x_wconf 88' lang='lat' dir='ltr'><strong>Nero</strong></span> <span class='ocrx_word' id='word_1_199' title='bbox 554 1885 809 1936; x_wconf 80' lang='lat' dir='ltr'><strong>graviorem,</strong></span> <span class='ocrx_word' id='word_1_200' title='bbox 860 1899 981 1938; x_wconf 80' lang='lat' dir='ltr'><strong>quam</strong></span> <span class='ocrx_word' id='word_1_201' title='bbox 1016 1886 1229 1937; x_wconf 83' lang='lat' dir='ltr'><strong>vulgarem</strong></span> <span class='ocrx_word' id='word_1_202' title='bbox 1250 1879 1254 1881; x_wconf 32' lang='grc'>“</span> <span class='ocrx_word' id='word_1_203' title='bbox 1265 1888 1480 1939; x_wconf 83' lang='lat' dir='ltr'><strong>parricidii</strong></span> 
     </span>
     <span class='ocr_line' id='line_1_27' title="bbox 85 1952 1477 2010; baseline 0 -15"><span class='ocrx_word' id='word_1_204' title='bbox 85 1970 281 2010; x_wconf 86' lang='lat' dir='ltr'><strong>poenam,</strong></span> <span class='ocrx_word' id='word_1_205' title='bbox 314 1967 390 1992; x_wconf 90' lang='lat' dir='ltr'><strong>nec</strong></span> <span class='ocrx_word' id='word_1_206' title='bbox 423 1953 576 1996; x_wconf 82' lang='lat' dir='ltr'><strong>semel,</strong></span> <span class='ocrx_word' id='word_1_207' title='bbox 632 1952 704 1989; x_wconf 84' lang='lat' dir='ltr'><strong>sed</strong></span> <span class='ocrx_word' id='word_1_208' title='bbox 737 1953 895 2004; x_wconf 80' lang='lat' dir='ltr'><strong>saepius</strong></span> <span class='ocrx_word' id='word_1_209' title='bbox 918 1955 1092 2003; x_wconf 79' lang='lat' dir='ltr'><strong>meruit,</strong></span> <span class='ocrx_word' id='word_1_210' title='bbox 1140 1955 1333 2006; x_wconf 86' lang='lat' dir='ltr'><strong>quoniam</strong></span> <span class='ocrx_word' id='word_1_211' title='bbox 1358 1957 1477 2009; x_wconf 87' lang='lat' dir='ltr'><strong>plura</strong></span> 
     </span>
     <span class='ocr_line' id='line_1_28' title="bbox 85 2020 1476 2075; baseline 0.001 -13"><span class='ocrx_word' id='word_1_212' title='bbox 85 2023 294 2062; x_wconf 88' lang='lat' dir='ltr'><strong>commisit</strong></span> <span class='ocrx_word' id='word_1_213' title='bbox 323 2020 557 2073; x_wconf 86' lang='lat' dir='ltr'><strong>parricidia.</strong></span> <span class='ocrx_word' id='word_1_214' title='bbox 583 2022 640 2067; x_wconf 86' lang='lat' dir='ltr'><strong>(v.</strong></span> <span class='ocrx_word' id='word_1_215' title='bbox 669 2020 780 2058; x_wconf 85' lang='lat' dir='ltr'><strong>Suet.</strong></span> <span class='ocrx_word' id='word_1_216' title='bbox 801 2021 900 2059; x_wconf 87' lang='lat' dir='ltr'><strong>Ner.</strong></span> <span class='ocrx_word' id='word_1_217' title='bbox 924 2020 1009 2075; x_wconf 77' lang='lat'>45.)</span> <span class='ocrx_word' id='word_1_218' title='bbox 1068 2022 1234 2061; x_wconf 80' lang='lat' dir='ltr'><strong>Occidit</strong></span> <span class='ocrx_word' id='word_1_219' title='bbox 1265 2025 1375 2063; x_wconf 88' lang='lat' dir='ltr'><strong>enim</strong></span> <span class='ocrx_word' id='word_1_220' title='bbox 1407 2025 1476 2063; x_wconf 65' lang='lat' dir='ltr'><strong>vel</strong></span> 
     </span>
     <span class='ocr_line' id='line_1_29' title="bbox 87 2088 1476 2141; baseline 0.001 -12"><span class='ocrx_word' id='word_1_221' title='bbox 87 2090 221 2130; x_wconf 88' lang='lat' dir='ltr'><strong>occidi</strong></span> <span class='ocrx_word' id='word_1_222' title='bbox 269 2090 389 2127; x_wconf 86' lang='lat' dir='ltr'><strong>iussit</strong></span> <span class='ocrx_word' id='word_1_223' title='bbox 438 2088 705 2139; x_wconf 85' lang='lat' dir='ltr'><strong>Agrippinam</strong></span> <span class='ocrx_word' id='word_1_224' title='bbox 759 2096 952 2138; x_wconf 85' lang='lat' dir='ltr'><strong>matrem,</strong></span> <span class='ocrx_word' id='word_1_225' title='bbox 1017 2091 1246 2129; x_wconf 82' lang='lat' dir='ltr'><strong>Domitiam</strong></span> <span class='ocrx_word' id='word_1_226' title='bbox 1298 2093 1476 2141; x_wconf 86' lang='lat' dir='ltr'><strong>amitam,</strong></span> 
     </span>
     <span class='ocr_line' id='line_1_30' title="bbox 87 2157 1474 2209; baseline 0.001 -12"><span class='ocrx_word' id='word_1_227' title='bbox 87 2158 304 2198; x_wconf 84' lang='lat' dir='ltr'><strong>Octaviam</strong></span> <span class='ocrx_word' id='word_1_228' title='bbox 329 2157 641 2207; x_wconf 86' lang='lat' dir='ltr'><strong>Poppaeamque</strong></span> <span class='ocrx_word' id='word_1_229' title='bbox 665 2168 833 2206; x_wconf 84' lang='lat' dir='ltr'><strong>uxores,</strong></span> <span class='ocrx_word' id='word_1_230' title='bbox 861 2158 1145 2196; x_wconf 82' lang='lat' dir='ltr'><strong>Britannicum</strong></span> <span class='ocrx_word' id='word_1_231' title='bbox 1167 2158 1352 2209; x_wconf 78' lang='lat' dir='ltr'><strong>fratrem,</strong></span> <span class='ocrx_word' id='word_1_232' title='bbox 1382 2161 1474 2198; x_wconf 85' lang='lat' dir='ltr'><strong>An-</strong></span> 
     </span>
     <span class='ocr_line' id='line_1_31' title="bbox 85 2222 1477 2280; baseline 0.001 -15"><span class='ocrx_word' id='word_1_233' title='bbox 85 2227 262 2273; x_wconf 79' lang='lat' dir='ltr'><strong>toniam,</strong></span> <span class='ocrx_word' id='word_1_234' title='bbox 293 2224 455 2262; x_wconf 86' lang='lat' dir='ltr'><strong>Claudii</strong></span> <span class='ocrx_word' id='word_1_235' title='bbox 487 2223 634 2273; x_wconf 86' lang='lat' dir='ltr'><strong>filiam,</strong></span> <span class='ocrx_word' id='word_1_236' title='bbox 669 2222 839 2263; x_wconf 84' lang='lat' dir='ltr'><strong>Rufium</strong></span> <span class='ocrx_word' id='word_1_237' title='bbox 863 2225 1119 2277; x_wconf 80' lang='lat' dir='ltr'><strong>Crispinum,</strong></span> <span class='ocrx_word' id='word_1_238' title='bbox 1156 2228 1338 2278; x_wconf 86' lang='lat' dir='ltr'><strong>primum</strong></span> <span class='ocrx_word' id='word_1_239' title='bbox 1363 2229 1477 2280; x_wconf 90' lang='lat' dir='ltr'><strong>Pop-</strong></span> 
     </span>
     <span class='ocr_line' id='line_1_32' title="bbox 86 2291 1478 2344; baseline 0.004 -14"><span class='ocrx_word' id='word_1_240' title='bbox 86 2307 217 2344; x_wconf 81' lang='lat' dir='ltr'><strong>paeae</strong></span> <span class='ocrx_word' id='word_1_241' title='bbox 232 2292 445 2340; x_wconf 80' lang='lat' dir='ltr'><strong>maritum,</strong></span> <span class='ocrx_word' id='word_1_242' title='bbox 466 2292 651 2344; x_wconf 38' lang='lat' dir='ltr'><strong>,eiusque</strong></span> <span class='ocrx_word' id='word_1_243' title='bbox 670 2291 802 2331; x_wconf 75' lang='lat' dir='ltr'><strong>filium</strong></span> <span class='ocrx_word' id='word_1_244' title='bbox 836 2293 969 2331; x_wconf 87' lang='lat' dir='ltr'><strong>adhuc</strong></span> <span class='ocrx_word' id='word_1_245' title='bbox 1003 2291 1284 2344; x_wconf 82' lang='lat' dir='ltr'><strong>impuberem,</strong></span> <span class='ocrx_word' id='word_1_246' title='bbox 1322 2296 1478 2335; x_wconf 86' lang='lat' dir='ltr'><strong>Aulum</strong></span> 
     </span>
     <span class='ocr_line' id='line_1_33' title="bbox 85 2359 1477 2416; baseline 0.003 -18"><span class='ocrx_word' id='word_1_247' title='bbox 85 2360 295 2398; x_wconf 85' lang='lat' dir='ltr'><strong>Plautium</strong></span> <span class='ocrx_word' id='word_1_248' title='bbox 329 2364 370 2396; x_wconf 90' lang='lat' dir='ltr'><strong>et</strong></span> <span class='ocrx_word' id='word_1_249' title='bbox 401 2359 524 2408; x_wconf 82' lang='lat' dir='ltr'><strong>alios,</strong></span> <span class='ocrx_word' id='word_1_250' title='bbox 589 2365 660 2397; x_wconf 83' lang='lat' dir='ltr'><strong>aut</strong></span> <span class='ocrx_word' id='word_1_251' title='bbox 692 2360 889 2399; x_wconf 83' lang='lat' dir='ltr'><strong>affinitate</strong></span> <span class='ocrx_word' id='word_1_252' title='bbox 926 2362 1062 2413; x_wconf 81' lang='lat' dir='ltr'><strong>aliqua</strong></span> <span class='ocrx_word' id='word_1_253' title='bbox 1088 2362 1168 2399; x_wconf 89' lang='lat' dir='ltr'><strong>sibi</strong></span> <span class='ocrx_word' id='word_1_254' title='bbox 1203 2369 1272 2400; x_wconf 84' lang='lat' dir='ltr'><strong>aut</strong></span> <span class='ocrx_word' id='word_1_255' title='bbox 1301 2364 1477 2416; x_wconf 87' lang='lat' dir='ltr'><strong>propin-</strong></span> 
     </span>
    </p>
   </div>
   <div class='ocr_carea' id='block_1_3' title="bbox 84 2467 1476 2742">
    <p class='ocr_par' dir='ltr' id='par_1_4' title="bbox 84 2467 1476 2742">
     <span class='ocr_line' id='line_1_34' title="bbox 131 2467 1476 2515; baseline 0.003 -11"><span class='ocrx_word' id='word_1_256' title='bbox 131 2470 193 2504; x_wconf 68' lang='lat'>63..</span> <span class='ocrx_word' id='word_1_257' title='bbox 215 2469 271 2502; x_wconf 81' lang='lat' dir='ltr'><strong>Cf.</strong></span> <span class='ocrx_word' id='word_1_258' title='bbox 291 2468 336 2500; x_wconf 87' lang='lat' dir='ltr'><strong>ad</strong></span> <span class='ocrx_word' id='word_1_259' title='bbox 359 2468 425 2502; x_wconf 81' lang='lat' dir='ltr'><strong>Sil.</strong></span> <span class='ocrx_word' id='word_1_260' title='bbox 445 2470 493 2509; x_wconf 88' lang='grc' dir='ltr'><strong>ΙΙ,</strong></span> <span class='ocrx_word' id='word_1_261' title='bbox 514 2467 591 2513; x_wconf 88' lang='lat'><strong>705.</strong></span> <span class='ocrx_word' id='word_1_262' title='bbox 628 2469 750 2503; x_wconf 80' lang='lat' dir='ltr'><strong>Inter-</strong></span> <span class='ocrx_word' id='word_1_263' title='bbox 811 2483 893 2505; x_wconf 88' lang='lat' dir='ltr'><strong>cum</strong></span> <span class='ocrx_word' id='word_1_264' title='bbox 923 2471 1012 2505; x_wconf 82' lang='lat' dir='ltr'><strong>adeo</strong></span> <span class='ocrx_word' id='word_1_265' title='bbox 1039 2472 1154 2504; x_wconf 80' lang='lat' dir='ltr'><strong>nobili</strong></span> <span class='ocrx_word' id='word_1_266' title='bbox 1178 2483 1336 2515; x_wconf 80' lang='lat' dir='ltr'><strong>pugnare</strong></span> <span class='ocrx_word' id='word_1_267' title='bbox 1364 2475 1476 2508; x_wconf 81' lang='lat' dir='ltr'><strong>iussus</strong></span> 
     </span>
     <span class='ocr_line' id='line_1_35' title="bbox 86 2527 1475 2572; baseline 0.004 -13"><span class='ocrx_word' id='word_1_268' title='bbox 86 2537 202 2572; x_wconf 78' lang='lat' dir='ltr'><strong>pretes</strong></span> <span class='ocrx_word' id='word_1_269' title='bbox 223 2528 258 2559; x_wconf 88' lang='lat' dir='ltr'><strong>h.</strong></span> <span class='ocrx_word' id='word_1_270' title='bbox 283 2527 309 2559; x_wconf 91' lang='lat' dir='ltr'><strong>l.</strong></span> <span class='ocrx_word' id='word_1_271' title='bbox 329 2529 384 2559; x_wconf 87' lang='lat' dir='ltr'><strong>vel</strong></span> <span class='ocrx_word' id='word_1_272' title='bbox 403 2528 510 2559; x_wconf 88' lang='lat' dir='ltr'><strong>silent</strong></span> <span class='ocrx_word' id='word_1_273' title='bbox 535 2527 589 2559; x_wconf 87' lang='lat' dir='ltr'><strong>vel</strong></span> <span class='ocrx_word' id='word_1_274' title='bbox 611 2539 752 2570; x_wconf 83' lang='lat' dir='ltr'><strong>nugan-</strong></span> <span class='ocrx_word' id='word_1_275' title='bbox 810 2538 917 2571; x_wconf 79' lang='lat' dir='ltr'><strong>esset,</strong></span> <span class='ocrx_word' id='word_1_276' title='bbox 950 2531 1009 2562; x_wconf 62' lang='lat' dir='ltr'><strong>vel</strong></span> <span class='ocrx_word' id='word_1_277' title='bbox 1032 2531 1149 2572; x_wconf 83' lang='lat' dir='ltr'><strong>potius</strong></span> <span class='ocrx_word' id='word_1_278' title='bbox 1176 2529 1272 2571; x_wconf 86' lang='lat' dir='ltr'><strong>quod</strong></span> <span class='ocrx_word' id='word_1_279' title='bbox 1293 2530 1475 2567; x_wconf 82' lang='lat' dir='ltr'><strong>Gracchus</strong></span> 
     </span>
     <span class='ocr_line' id='line_1_36' title="bbox 88 2585 1473 2630; baseline 0.004 -12"><span class='ocrx_word' id='word_1_280' title='bbox 88 2595 163 2627; x_wconf 78' lang='lat' dir='ltr'><strong>tur3</strong></span> <span class='ocrx_word' id='word_1_281' title='bbox 217 2586 378 2629; x_wconf 74' lang='lat' dir='ltr'><strong>plerique</strong></span> <span class='ocrx_word' id='word_1_282' title='bbox 407 2593 527 2616; x_wconf 82' lang='lat' dir='ltr'><strong>tamen</strong></span> <span class='ocrx_word' id='word_1_283' title='bbox 564 2585 669 2617; x_wconf 80' lang='lat' dir='ltr'><strong>verba</strong></span> <span class='ocrx_word' id='word_1_284' title='bbox 699 2588 751 2618; x_wconf 83' lang='lat' dir='ltr'><strong>sic</strong></span> <span class='ocrx_word' id='word_1_285' title='bbox 806 2589 918 2620; x_wconf 86' lang='lat' dir='ltr'><strong>victus</strong></span> <span class='ocrx_word' id='word_1_286' title='bbox 939 2588 1153 2630; x_wconf 79' lang='lat' dir='ltr'><strong>aufugisset,</strong></span> <span class='ocrx_word' id='word_1_287' title='bbox 1186 2599 1290 2629; x_wconf 82' lang='lat' dir='ltr'><strong>quam</strong></span> <span class='ocrx_word' id='word_1_288' title='bbox 1313 2591 1406 2625; x_wconf 80' lang='lat' dir='ltr'><strong>siah</strong></span> <span class='ocrx_word' id='word_1_289' title='bbox 1431 2604 1473 2626; x_wconf 82' lang='lat' dir='ltr'><strong>eo</strong></span> 
     </span>
     <span class='ocr_line' id='line_1_37' title="bbox 87 2642 1318 2685; baseline 0.006 -12"><span class='ocrx_word' id='word_1_290' title='bbox 87 2651 284 2685; x_wconf 82' lang='lat' dir='ltr'><strong>exponunt:</strong></span> <span class='ocrx_word' id='word_1_291' title='bbox 347 2642 555 2674; x_wconf 77' lang='lat' dir='ltr'><strong>ambitiosus</strong></span> <span class='ocrx_word' id='word_1_292' title='bbox 601 2642 748 2676; x_wconf 80' lang='lat' dir='ltr'><strong>secutor</strong></span> <span class='ocrx_word' id='word_1_293' title='bbox 805 2647 916 2680; x_wconf 78' lang='lat' dir='ltr'><strong>victus</strong></span> <span class='ocrx_word' id='word_1_294' title='bbox 938 2654 1026 2678; x_wconf 79' lang='lat' dir='ltr'><strong>esset</strong></span> <span class='ocrx_word' id='word_1_295' title='bbox 1048 2654 1080 2678; x_wconf 81' lang='lat' dir='ltr'><strong>et</strong></span> <span class='ocrx_word' id='word_1_296' title='bbox 1107 2646 1318 2680; x_wconf 69' lang='lat' dir='ltr'><strong>vutneratus.</strong></span> 
     </span>
     <span class='ocr_line' id='line_1_38' title="bbox 84 2698 750 2742; baseline -0.002 -10"><span class='ocrx_word' id='word_1_297' title='bbox 84 2702 209 2733; x_wconf 79' lang='lat' dir='ltr'><strong>maiori</strong></span> <span class='ocrx_word' id='word_1_298' title='bbox 230 2712 312 2733; x_wconf 85' lang='lat' dir='ltr'><strong>cum</strong></span> <span class='ocrx_word' id='word_1_299' title='bbox 334 2699 456 2732; x_wconf 85' lang='lat' dir='ltr'><strong>dolore</strong></span> <span class='ocrx_word' id='word_1_300' title='bbox 479 2699 625 2742; x_wconf 75' lang='lat' dir='ltr'><strong>serebat,</strong></span> <span class='ocrx_word' id='word_1_301' title='bbox 651 2698 750 2742; x_wconf 78' lang='lat' dir='ltr'><strong>quod</strong></span> 
     </span>
    </p>
   </div>
  </div>
 </body>
</html>
