<?xml version="1.0" encoding="UTF-8"?>
<!DOCTYPE html PUBLIC "-//W3C//DTD XHTML 1.0 Transitional//EN"
    "http://www.w3.org/TR/xhtml1/DTD/xhtml1-transitional.dtd">
<html xmlns="http://www.w3.org/1999/xhtml" xml:lang="en" lang="en">
 <head>
  <title>
</title>
<meta http-equiv="Content-Type" content="text/html;charset=utf-8" />
  <meta name='ocr-system' content='tesseract 3.04.00' />
  <meta name='ocr-capabilities' content='ocr_page ocr_carea ocr_par ocr_line ocrx_word'/>
</head>
<body>
  <div class='ocr_page' id='page_1' title='image "./satirae16adoptim021juveuoft_0513.png"; bbox 0 0 1686 3089; ppageno 0'>
   <div class='ocr_carea' id='block_1_1' title="bbox 439 157 1488 217">
    <p class='ocr_par' dir='ltr' id='par_1_1' title="bbox 439 157 1488 217">
     <span class='ocr_line' id='line_1_1' title="bbox 439 157 1488 217; baseline 0.003 -17"><span class='ocrx_word' id='word_1_1' title='bbox 439 159 517 200; x_wconf 82' lang='lat' dir='ltr'>IN</span> <span class='ocrx_word' id='word_1_2' title='bbox 561 157 793 201; x_wconf 82' lang='lat' dir='ltr'>IVVEN.</span> <span class='ocrx_word' id='word_1_3' title='bbox 841 157 977 199; x_wconf 79' lang='lat' dir='ltr'>sAT.</span> <span class='ocrx_word' id='word_1_4' title='bbox 1013 161 1125 201; x_wconf 83' lang='lat' dir='ltr'>vm.</span> <span class='ocrx_word' id='word_1_5' title='bbox 1406 159 1488 217; x_wconf 77' lang='lat'>491</span> 
     </span>
    </p>
   </div>
   <div class='ocr_carea' id='block_1_2' title="bbox 84 271 1493 2757">
    <p class='ocr_par' dir='ltr' id='par_1_2' title="bbox 84 271 1493 2757">
     <span class='ocr_line' id='line_1_2' title="bbox 103 271 1491 326; baseline 0.001 -16"><span class='ocrx_word' id='word_1_6' title='bbox 103 271 286 325; x_wconf 86' lang='lat' dir='ltr'>pendere</span> <span class='ocrx_word' id='word_1_7' title='bbox 306 274 451 322; x_wconf 80' lang='lat' dir='ltr'>iussit3</span> <span class='ocrx_word' id='word_1_8' title='bbox 482 273 592 312; x_wconf 87' lang='lat' dir='ltr'>unde</span> <span class='ocrx_word' id='word_1_9' title='bbox 616 288 697 312; x_wconf 89' lang='lat' dir='ltr'>non</span> <span class='ocrx_word' id='word_1_10' title='bbox 708 274 832 326; x_wconf 82' lang='lat' dir='ltr'>salsa</span> <span class='ocrx_word' id='word_1_11' title='bbox 851 275 1038 326; x_wconf 80' lang='lat' dir='ltr'>pendens</span> <span class='ocrx_word' id='word_1_12' title='bbox 1070 278 1116 313; x_wconf 82' lang='lat' dir='ltr'>in</span> <span class='ocrx_word' id='word_1_13' title='bbox 1150 289 1267 313; x_wconf 63' lang='lat' dir='ltr'>cruce</span> <span class='ocrx_word' id='word_1_14' title='bbox 1303 277 1491 313; x_wconf 82' lang='lat' dir='ltr'>Laureo-</span> 
     </span>
     <span class='ocr_line' id='line_1_3' title="bbox 101 339 1490 394; baseline 0.002 -18"><span class='ocrx_word' id='word_1_15' title='bbox 101 339 169 376; x_wconf 85' lang='lat' dir='ltr'>lus</span> <span class='ocrx_word' id='word_1_16' title='bbox 194 340 372 378; x_wconf 75' lang='lat' dir='ltr'>Martial.</span> <span class='ocrx_word' id='word_1_17' title='bbox 400 342 425 380; x_wconf 93' lang='lat' dir='ltr'>l.</span> <span class='ocrx_word' id='word_1_18' title='bbox 450 342 475 379; x_wconf 91' lang='lat' dir='ltr'>l.</span> <span class='ocrx_word' id='word_1_19' title='bbox 589 343 728 386; x_wconf 65' lang='lat' dir='ltr'>velox,</span> <span class='ocrx_word' id='word_1_20' title='bbox 756 343 860 380; x_wconf 82' lang='lat' dir='ltr'>mira</span> <span class='ocrx_word' id='word_1_21' title='bbox 888 343 1154 391; x_wconf 82' lang='lat' dir='ltr'>strenuitate;</span> <span class='ocrx_word' id='word_1_22' title='bbox 1179 343 1361 380; x_wconf 83' lang='lat' dir='ltr'>Britann.</span> <span class='ocrx_word' id='word_1_23' title='bbox 1392 343 1490 394; x_wconf 85' lang='lat' dir='ltr'>quia</span> 
     </span>
     <span class='ocr_line' id='line_1_4' title="bbox 103 409 1493 460; baseline 0.003 -17"><span class='ocrx_word' id='word_1_24' title='bbox 103 417 270 445; x_wconf 82' lang='lat' dir='ltr'>crucem</span> <span class='ocrx_word' id='word_1_25' title='bbox 306 410 618 460; x_wconf 82' lang='lat' dir='ltr'>supervolabat,</span> <span class='ocrx_word' id='word_1_26' title='bbox 658 414 705 446; x_wconf 86' lang='lat' dir='ltr'>ut</span> <span class='ocrx_word' id='word_1_27' title='bbox 739 423 761 447; x_wconf 87' lang='lat' dir='ltr'>e</span> <span class='ocrx_word' id='word_1_28' title='bbox 793 410 966 448; x_wconf 85' lang='lat' dir='ltr'>Tertull.</span> <span class='ocrx_word' id='word_1_29' title='bbox 1005 410 1221 455; x_wconf 73' lang='lat' dir='ltr'>discinnus3</span> <span class='ocrx_word' id='word_1_30' title='bbox 1256 410 1377 446; x_wconf 78' lang='lat' dir='ltr'>Petit.</span> <span class='ocrx_word' id='word_1_31' title='bbox 1400 409 1426 446; x_wconf 93' lang='lat' dir='ltr'>l.</span> <span class='ocrx_word' id='word_1_32' title='bbox 1453 422 1493 448; x_wconf 63' lang='grc' dir='ltr'>ο.</span> 
     </span>
     <span class='ocr_line' id='line_1_5' title="bbox 102 472 1488 528; baseline 0.004 -20"><span class='ocrx_word' id='word_1_33' title='bbox 102 472 185 510; x_wconf 88' lang='lat' dir='ltr'>Sed</span> <span class='ocrx_word' id='word_1_34' title='bbox 214 475 327 512; x_wconf 70' lang='lat' dir='ltr'>velox</span> <span class='ocrx_word' id='word_1_35' title='bbox 351 478 554 519; x_wconf 82' lang='lat' dir='ltr'>Lentulus</span> <span class='ocrx_word' id='word_1_36' title='bbox 576 476 740 524; x_wconf 80' lang='lat' dir='ltr'>eodem,</span> <span class='ocrx_word' id='word_1_37' title='bbox 770 479 941 528; x_wconf 85' lang='lat' dir='ltr'>opinor,</span> <span class='ocrx_word' id='word_1_38' title='bbox 968 491 1088 515; x_wconf 88' lang='lat' dir='ltr'>sensu</span> <span class='ocrx_word' id='word_1_39' title='bbox 1110 477 1283 524; x_wconf 85' lang='lat' dir='ltr'>dicitur,</span> <span class='ocrx_word' id='word_1_40' title='bbox 1312 491 1390 528; x_wconf 85' lang='lat' dir='ltr'>quo</span> <span class='ocrx_word' id='word_1_41' title='bbox 1411 476 1488 514; x_wconf 79' lang='lat' dir='ltr'>inf.</span> 
     </span>
     <span class='ocr_line' id='line_1_6' title="bbox 101 538 1490 596; baseline 0.001 -18"><span class='ocrx_word' id='word_1_42' title='bbox 101 538 222 589; x_wconf 87' lang='lat' dir='ltr'>XIII,</span> <span class='ocrx_word' id='word_1_43' title='bbox 256 545 586 596; x_wconf 70' lang='lat' dir='ltr'>111.fugitit¹us</span> <span class='ocrx_word' id='word_1_44' title='bbox 609 558 753 582; x_wconf 79' lang='lat' dir='ltr'>scurra</span> <span class='ocrx_word' id='word_1_45' title='bbox 792 545 959 585; x_wconf 72' lang='lat' dir='ltr'>Catulli.</span> <span class='ocrx_word' id='word_1_46' title='bbox 1024 545 1132 583; x_wconf 82' lang='lat' dir='ltr'>Nam</span> <span class='ocrx_word' id='word_1_47' title='bbox 1166 544 1286 582; x_wconf 85' lang='lat' dir='ltr'>Mimi</span> <span class='ocrx_word' id='word_1_48' title='bbox 1319 544 1490 581; x_wconf 75' lang='lat' dir='ltr'>actionis</span> 
     </span>
     <span class='ocr_line' id='line_1_7' title="bbox 101 609 1492 660; baseline 0.001 -15"><span class='ocrx_word' id='word_1_49' title='bbox 101 609 265 660; x_wconf 74' lang='lat' dir='ltr'>quidem</span> <span class='ocrx_word' id='word_1_50' title='bbox 289 612 511 659; x_wconf 74' lang='lat' dir='ltr'>unitatem,</span> <span class='ocrx_word' id='word_1_51' title='bbox 538 624 622 648; x_wconf 91' lang='lat' dir='ltr'>non</span> <span class='ocrx_word' id='word_1_52' title='bbox 646 625 745 649; x_wconf 86' lang='lat' dir='ltr'>vero</span> <span class='ocrx_word' id='word_1_53' title='bbox 769 625 923 650; x_wconf 76' lang='lat' dir='ltr'>nexum</span> <span class='ocrx_word' id='word_1_54' title='bbox 945 617 987 649; x_wconf 85' lang='lat' dir='ltr'>et</span> <span class='ocrx_word' id='word_1_55' title='bbox 1012 612 1259 650; x_wconf 81' lang='lat' dir='ltr'>solutionem</span> <span class='ocrx_word' id='word_1_56' title='bbox 1291 611 1492 648; x_wconf 83' lang='lat' dir='ltr'>curabant</span> 
     </span>
     <span class='ocr_line' id='line_1_8' title="bbox 101 678 1491 729; baseline 0.001 -16"><span class='ocrx_word' id='word_1_57' title='bbox 101 681 166 724; x_wconf 87' lang='lat' dir='ltr'>et,</span> <span class='ocrx_word' id='word_1_58' title='bbox 196 691 320 729; x_wconf 84' lang='lat' dir='ltr'>quum</span> <span class='ocrx_word' id='word_1_59' title='bbox 343 679 522 716; x_wconf 85' lang='lat' dir='ltr'>clausula</span> <span class='ocrx_word' id='word_1_60' title='bbox 545 692 628 716; x_wconf 90' lang='lat' dir='ltr'>non</span> <span class='ocrx_word' id='word_1_61' title='bbox 651 679 930 726; x_wconf 83' lang='lat' dir='ltr'>inveniretur,</span> <span class='ocrx_word' id='word_1_62' title='bbox 968 678 1019 717; x_wconf 88' lang='lat' dir='ltr'>de</span> <span class='ocrx_word' id='word_1_63' title='bbox 1052 693 1172 717; x_wconf 89' lang='lat' dir='ltr'>scena</span> <span class='ocrx_word' id='word_1_64' title='bbox 1193 678 1396 729; x_wconf 81' lang='lat' dir='ltr'>fugientes</span> <span class='ocrx_word' id='word_1_65' title='bbox 1419 678 1491 715; x_wconf 90' lang='lat' dir='ltr'>lu-</span> 
     </span>
     <span class='ocr_line' id='line_1_9' title="bbox 99 742 1486 798; baseline 0.001 -18"><span class='ocrx_word' id='word_1_66' title='bbox 99 742 196 781; x_wconf 87' lang='lat' dir='ltr'>dum</span> <span class='ocrx_word' id='word_1_67' title='bbox 221 744 428 783; x_wconf 89' lang='lat' dir='ltr'>finiebant.</span> <span class='ocrx_word' id='word_1_68' title='bbox 449 760 488 784; x_wconf 85' lang='lat' dir='ltr'>v.</span> <span class='ocrx_word' id='word_1_69' title='bbox 518 746 602 783; x_wconf 90' lang='lat' dir='ltr'>Cic.</span> <span class='ocrx_word' id='word_1_70' title='bbox 629 759 704 797; x_wconf 85' lang='lat' dir='ltr'>pro</span> <span class='ocrx_word' id='word_1_71' title='bbox 732 746 843 784; x_wconf 89' lang='lat' dir='ltr'>Coel.</span> <span class='ocrx_word' id='word_1_72' title='bbox 871 758 936 795; x_wconf 79' lang='lat'>27.</span> <span class='ocrx_word' id='word_1_73' title='bbox 959 752 1000 783; x_wconf 87' lang='lat' dir='ltr'>et</span> <span class='ocrx_word' id='word_1_74' title='bbox 1028 761 1114 798; x_wconf 84' lang='lat' dir='ltr'>sup.</span> <span class='ocrx_word' id='word_1_75' title='bbox 1140 746 1233 784; x_wconf 89' lang='lat' dir='ltr'>Vol.</span> <span class='ocrx_word' id='word_1_76' title='bbox 1257 746 1287 783; x_wconf 92' lang='lat' dir='ltr'>I.</span> <span class='ocrx_word' id='word_1_77' title='bbox 1310 759 1349 796; x_wconf 90' lang='lat' dir='ltr'>p.</span> <span class='ocrx_word' id='word_1_78' title='bbox 1373 743 1486 782; x_wconf 88' lang='lat' dir='ltr'>CVI.</span> 
     </span>
     <span class='ocr_line' id='line_1_10' title="bbox 95 812 1490 864; baseline 0.001 -16"><span class='ocrx_word' id='word_1_79' title='bbox 95 816 182 849; x_wconf 86' lang='lat' dir='ltr'>not.</span> <span class='ocrx_word' id='word_1_80' title='bbox 206 812 271 850; x_wconf 84' lang='lat'>43.</span> <span class='ocrx_word' id='word_1_81' title='bbox 329 814 548 856; x_wconf 79' lang='lat' dir='ltr'><em>Lentulus,</em></span> <span class='ocrx_word' id='word_1_82' title='bbox 579 826 804 864; x_wconf 82' lang='lat' dir='ltr'>cognomen</span> <span class='ocrx_word' id='word_1_83' title='bbox 826 812 1138 862; x_wconf 80' lang='lat' dir='ltr'>Corneliorum,</span> <span class='ocrx_word' id='word_1_84' title='bbox 1164 813 1205 851; x_wconf 89' lang='lat' dir='ltr'>h.</span> <span class='ocrx_word' id='word_1_85' title='bbox 1222 813 1262 861; x_wconf 90' lang='lat' dir='ltr'>l.,</span> <span class='ocrx_word' id='word_1_86' title='bbox 1285 813 1329 850; x_wconf 88' lang='lat' dir='ltr'>ni</span> <span class='ocrx_word' id='word_1_87' title='bbox 1351 812 1490 861; x_wconf 83' lang='lat' dir='ltr'>fallor,</span> 
     </span>
     <span class='ocr_line' id='line_1_11' title="bbox 95 879 1490 931; baseline 0.001 -16"><span class='ocrx_word' id='word_1_88' title='bbox 95 889 178 915; x_wconf 83' lang='lat' dir='ltr'>non</span> <span class='ocrx_word' id='word_1_89' title='bbox 211 879 518 931; x_wconf 80' lang='lat' dir='ltr'>mimographus</span> <span class='ocrx_word' id='word_1_90' title='bbox 550 881 645 928; x_wconf 88' lang='lat' dir='ltr'>ille,</span> <span class='ocrx_word' id='word_1_91' title='bbox 687 880 757 931; x_wconf 88' lang='lat' dir='ltr'>qui</span> <span class='ocrx_word' id='word_1_92' title='bbox 793 887 922 917; x_wconf 80' lang='lat' dir='ltr'>aetate</span> <span class='ocrx_word' id='word_1_93' title='bbox 956 881 1185 918; x_wconf 82' lang='lat' dir='ltr'>Domitiani</span> <span class='ocrx_word' id='word_1_94' title='bbox 1215 879 1378 927; x_wconf 84' lang='lat' dir='ltr'>floruit,</span> <span class='ocrx_word' id='word_1_95' title='bbox 1411 879 1490 928; x_wconf 80' lang='lat' dir='ltr'>(de</span> 
     </span>
     <span class='ocr_line' id='line_1_12' title="bbox 96 946 1490 999; baseline 0.002 -18"><span class='ocrx_word' id='word_1_96' title='bbox 96 956 177 994; x_wconf 87' lang='lat' dir='ltr'>quo</span> <span class='ocrx_word' id='word_1_97' title='bbox 205 958 243 983; x_wconf 88' lang='lat' dir='ltr'>v.</span> <span class='ocrx_word' id='word_1_98' title='bbox 265 946 437 986; x_wconf 83' lang='lat' dir='ltr'>Hieron.</span> <span class='ocrx_word' id='word_1_99' title='bbox 464 947 515 986; x_wconf 88' lang='lat' dir='ltr'>ad</span> <span class='ocrx_word' id='word_1_100' title='bbox 539 947 745 985; x_wconf 84' lang='lat' dir='ltr'>Sabinian.</span> <span class='ocrx_word' id='word_1_101' title='bbox 767 954 807 984; x_wconf 87' lang='lat' dir='ltr'>et</span> <span class='ocrx_word' id='word_1_102' title='bbox 831 948 1006 985; x_wconf 77' lang='lat' dir='ltr'>Tertull.</span> <span class='ocrx_word' id='word_1_103' title='bbox 1030 948 1200 999; x_wconf 84' lang='lat' dir='ltr'>Apolog.</span> <span class='ocrx_word' id='word_1_104' title='bbox 1227 961 1260 985; x_wconf 90' lang='lat' dir='ltr'>c.</span> <span class='ocrx_word' id='word_1_105' title='bbox 1291 948 1349 985; x_wconf 88' lang='lat'>15.</span> <span class='ocrx_word' id='word_1_106' title='bbox 1373 953 1414 984; x_wconf 89' lang='lat' dir='ltr'>et</span> <span class='ocrx_word' id='word_1_107' title='bbox 1436 946 1490 984; x_wconf 77' lang='lat' dir='ltr'>de</span> 
     </span>
     <span class='ocr_line' id='line_1_13' title="bbox 93 1012 1488 1067; baseline 0.001 -18"><span class='ocrx_word' id='word_1_108' title='bbox 93 1012 189 1062; x_wconf 82' lang='lat' dir='ltr'>pall.</span> <span class='ocrx_word' id='word_1_109' title='bbox 212 1026 243 1050; x_wconf 91' lang='lat' dir='ltr'>c.</span> <span class='ocrx_word' id='word_1_110' title='bbox 273 1014 334 1064; x_wconf 81' lang='lat'>4.)</span> <span class='ocrx_word' id='word_1_111' title='bbox 357 1014 429 1052; x_wconf 88' lang='lat' dir='ltr'>sed</span> <span class='ocrx_word' id='word_1_112' title='bbox 449 1029 524 1066; x_wconf 89' lang='lat' dir='ltr'>pro</span> <span class='ocrx_word' id='word_1_113' title='bbox 549 1016 693 1067; x_wconf 75' lang='lat' dir='ltr'>quovis</span> <span class='ocrx_word' id='word_1_114' title='bbox 719 1015 877 1058; x_wconf 87' lang='lat' dir='ltr'>nobili,</span> <span class='ocrx_word' id='word_1_115' title='bbox 917 1022 965 1052; x_wconf 85' lang='lat' dir='ltr'>ut</span> <span class='ocrx_word' id='word_1_116' title='bbox 988 1030 1075 1067; x_wconf 87' lang='lat' dir='ltr'>sup.</span> <span class='ocrx_word' id='word_1_117' title='bbox 1112 1016 1153 1053; x_wconf 84' lang='lat' dir='ltr'>V</span> <span class='ocrx_word' id='word_1_118' title='bbox 1155 1017 1185 1063; x_wconf 80' lang='grc' dir='ltr'>Ι,</span> <span class='ocrx_word' id='word_1_119' title='bbox 1220 1017 1285 1061; x_wconf 78' lang='lat'>89.</span> <span class='ocrx_word' id='word_1_120' title='bbox 1322 1014 1405 1058; x_wconf 85' lang='lat' dir='ltr'>nisi</span> <span class='ocrx_word' id='word_1_121' title='bbox 1437 1027 1488 1052; x_wconf 72' lang='lat' dir='ltr'>re</span> 
     </span>
     <span class='ocr_line' id='line_1_14' title="bbox 94 1080 1486 1134; baseline 0.001 -16"><span class='ocrx_word' id='word_1_122' title='bbox 94 1092 194 1118; x_wconf 79' lang='lat' dir='ltr'>vera</span> <span class='ocrx_word' id='word_1_123' title='bbox 223 1080 427 1119; x_wconf 81' lang='lat' dir='ltr'>Lentulus</span> <span class='ocrx_word' id='word_1_124' title='bbox 458 1081 622 1133; x_wconf 88' lang='lat' dir='ltr'>quidam</span> <span class='ocrx_word' id='word_1_125' title='bbox 654 1082 851 1119; x_wconf 82' lang='lat' dir='ltr'>Laureoli</span> <span class='ocrx_word' id='word_1_126' title='bbox 880 1096 1098 1132; x_wconf 84' lang='lat' dir='ltr'>personam</span> <span class='ocrx_word' id='word_1_127' title='bbox 1135 1083 1227 1133; x_wconf 79' lang='lat' dir='ltr'>egit.</span> <span class='ocrx_word' id='word_1_128' title='bbox 1265 1104 1322 1113; x_wconf 92' lang='lat'><strong>—</strong></span> <span class='ocrx_word' id='word_1_129' title='bbox 1395 1082 1486 1134; x_wconf 87' lang='lat'>189.</span> 
     </span>
     <span class='ocr_line' id='line_1_15' title="bbox 91 1148 1489 1200; baseline 0.001 -16"><span class='ocrx_word' id='word_1_130' title='bbox 91 1148 249 1198; x_wconf 80' lang='lat' dir='ltr'>populo</span> <span class='ocrx_word' id='word_1_131' title='bbox 290 1149 492 1200; x_wconf 76' lang='lat' dir='ltr'>spectanti</span> <span class='ocrx_word' id='word_1_132' title='bbox 530 1149 687 1187; x_wconf 87' lang='lat' dir='ltr'>nobiles</span> <span class='ocrx_word' id='word_1_133' title='bbox 730 1148 909 1187; x_wconf 75' lang='lat' dir='ltr'>fabulam</span> <span class='ocrx_word' id='word_1_134' title='bbox 954 1156 1118 1200; x_wconf 79' lang='lat' dir='ltr'>agentes</span> <span class='ocrx_word' id='word_1_135' title='bbox 1164 1156 1205 1186; x_wconf 86' lang='lat' dir='ltr'>et</span> <span class='ocrx_word' id='word_1_136' title='bbox 1261 1148 1489 1200; x_wconf 85' lang='lat' dir='ltr'>plaudenti.</span> 
     </span>
     <span class='ocr_line' id='line_1_16' title="bbox 91 1212 1490 1269; baseline 0.003 -19"><span class='ocrx_word' id='word_1_137' title='bbox 91 1213 239 1252; x_wconf 80' lang='lat' dir='ltr'>durior</span> <span class='ocrx_word' id='word_1_138' title='bbox 261 1217 417 1267; x_wconf 77' lang='lat' dir='ltr'><strong><em>fi·0128,</em></strong></span> <span class='ocrx_word' id='word_1_139' title='bbox 463 1216 551 1254; x_wconf 86' lang='lat' dir='ltr'>sine</span> <span class='ocrx_word' id='word_1_140' title='bbox 583 1215 763 1267; x_wconf 87' lang='lat' dir='ltr'>pudore,</span> <span class='ocrx_word' id='word_1_141' title='bbox 808 1215 867 1265; x_wconf 89' lang='lat' dir='ltr'>(v.</span> <span class='ocrx_word' id='word_1_142' title='bbox 902 1215 953 1253; x_wconf 84' lang='lat' dir='ltr'>ad</span> <span class='ocrx_word' id='word_1_143' title='bbox 981 1216 1034 1264; x_wconf 89' lang='lat' dir='ltr'>II,</span> <span class='ocrx_word' id='word_1_144' title='bbox 1058 1212 1113 1269; x_wconf 88' lang='lat'>8.)</span> <span class='ocrx_word' id='word_1_145' title='bbox 1142 1222 1189 1253; x_wconf 89' lang='lat' dir='ltr'>ut</span> <span class='ocrx_word' id='word_1_146' title='bbox 1212 1230 1254 1253; x_wconf 85' lang='lat' dir='ltr'>os</span> <span class='ocrx_word' id='word_1_147' title='bbox 1277 1217 1426 1254; x_wconf 78' lang='lat' dir='ltr'>durum</span> <span class='ocrx_word' id='word_1_148' title='bbox 1448 1224 1490 1254; x_wconf 74' lang='lat' dir='ltr'>et</span> 
     </span>
     <span class='ocr_line' id='line_1_17' title="bbox 84 1283 1491 1335; baseline 0.001 -16"><span class='ocrx_word' id='word_1_149' title='bbox 84 1283 295 1333; x_wconf 83' lang='lat' dir='ltr'>ferreum,</span> <span class='ocrx_word' id='word_1_150' title='bbox 327 1284 456 1335; x_wconf 73' lang='lat' dir='ltr'>frons</span> <span class='ocrx_word' id='word_1_151' title='bbox 486 1285 713 1335; x_wconf 70' lang='lat' dir='ltr'>exsanguis</span> <span class='ocrx_word' id='word_1_152' title='bbox 739 1292 777 1321; x_wconf 85' lang='lat' dir='ltr'>et</span> <span class='ocrx_word' id='word_1_153' title='bbox 801 1285 950 1335; x_wconf 60' lang='lat' dir='ltr'>ferrea</span> <span class='ocrx_word' id='word_1_154' title='bbox 983 1284 1141 1334; x_wconf 87' lang='lat' dir='ltr'>aliaque</span> <span class='ocrx_word' id='word_1_155' title='bbox 1168 1284 1327 1322; x_wconf 81' lang='lat' dir='ltr'>similia.</span> <span class='ocrx_word' id='word_1_156' title='bbox 1384 1287 1491 1321; x_wconf 78' lang='lat' dir='ltr'>tris-</span> 
     </span>
     <span class='ocr_line' id='line_1_18' title="bbox 95 1349 1490 1406; baseline 0.004 -20"><span class='ocrx_word' id='word_1_157' title='bbox 95 1353 264 1395; x_wconf 79' lang='lat' dir='ltr'>curria,</span> <span class='ocrx_word' id='word_1_158' title='bbox 296 1364 335 1388; x_wconf 87' lang='lat' dir='ltr'>v.</span> <span class='ocrx_word' id='word_1_159' title='bbox 362 1350 539 1388; x_wconf 77' lang='lat' dir='ltr'>Excurs.</span> <span class='ocrx_word' id='word_1_160' title='bbox 565 1349 604 1388; x_wconf 90' lang='lat' dir='ltr'>h.</span> <span class='ocrx_word' id='word_1_161' title='bbox 629 1351 656 1389; x_wconf 94' lang='lat' dir='ltr'>l.</span> <span class='ocrx_word' id='word_1_162' title='bbox 778 1365 868 1403; x_wconf 85' lang='lat'>191.</span> <span class='ocrx_word' id='word_1_163' title='bbox 898 1351 1160 1401; x_wconf 75' lang='lat' dir='ltr'>Planipecles</span> <span class='ocrx_word' id='word_1_164' title='bbox 1172 1378 1186 1395; x_wconf 88' lang='lat'><em>,</em></span> <span class='ocrx_word' id='word_1_165' title='bbox 1217 1353 1385 1402; x_wconf 88' lang='lat' dir='ltr'>mimos,</span> <span class='ocrx_word' id='word_1_166' title='bbox 1414 1355 1490 1406; x_wconf 80' lang='lat' dir='ltr'>qui</span> 
     </span>
     <span class='ocr_line' id='line_1_19' title="bbox 91 1416 1488 1471; baseline 0.005 -18"><span class='ocrx_word' id='word_1_167' title='bbox 91 1416 271 1467; x_wconf 86' lang='lat' dir='ltr'>primum</span> <span class='ocrx_word' id='word_1_168' title='bbox 294 1429 378 1455; x_wconf 85' lang='lat' dir='ltr'>non</span> <span class='ocrx_word' id='word_1_169' title='bbox 392 1419 472 1456; x_wconf 87' lang='lat' dir='ltr'>nisi</span> <span class='ocrx_word' id='word_1_170' title='bbox 490 1419 707 1456; x_wconf 80' lang='lat' dir='ltr'>sanniones</span> <span class='ocrx_word' id='word_1_171' title='bbox 732 1425 860 1466; x_wconf 76' lang='lat' dir='ltr'>erant,</span> <span class='ocrx_word' id='word_1_172' title='bbox 890 1424 931 1455; x_wconf 87' lang='lat' dir='ltr'>et</span> <span class='ocrx_word' id='word_1_173' title='bbox 952 1419 1100 1456; x_wconf 80' lang='lat' dir='ltr'>sensim</span> <span class='ocrx_word' id='word_1_174' title='bbox 1118 1419 1162 1455; x_wconf 88' lang='lat' dir='ltr'>in</span> <span class='ocrx_word' id='word_1_175' title='bbox 1182 1432 1344 1457; x_wconf 87' lang='lat' dir='ltr'>scenam</span> <span class='ocrx_word' id='word_1_176' title='bbox 1355 1420 1488 1471; x_wconf 65' lang='lat' dir='ltr'>prod-,-</span> 
     </span>
     <span class='ocr_line' id='line_1_20' title="bbox 89 1483 1489 1538; baseline 0.005 -18"><span class='ocrx_word' id='word_1_177' title='bbox 89 1483 197 1533; x_wconf 84' lang='lat' dir='ltr'>iere,</span> <span class='ocrx_word' id='word_1_178' title='bbox 233 1490 280 1521; x_wconf 86' lang='lat' dir='ltr'>ut</span> <span class='ocrx_word' id='word_1_179' title='bbox 316 1486 384 1523; x_wconf 81' lang='lat' dir='ltr'>vel</span> <span class='ocrx_word' id='word_1_180' title='bbox 419 1486 727 1535; x_wconf 86' lang='lat' dir='ltr'>gesticulatione</span> <span class='ocrx_word' id='word_1_181' title='bbox 759 1485 1000 1524; x_wconf 84' lang='lat' dir='ltr'>adiuvarent</span> <span class='ocrx_word' id='word_1_182' title='bbox 1012 1486 1216 1523; x_wconf 83' lang='lat' dir='ltr'>actionem</span> <span class='ocrx_word' id='word_1_183' title='bbox 1239 1486 1489 1538; x_wconf 51' lang='lat' dir='ltr'>fabularumj</span> 
     </span>
     <span class='ocr_line' id='line_1_21' title="bbox 89 1551 1487 1604; baseline 0.006 -16"><span class='ocrx_word' id='word_1_184' title='bbox 89 1551 157 1588; x_wconf 88' lang='lat' dir='ltr'>vel</span> <span class='ocrx_word' id='word_1_185' title='bbox 180 1551 225 1589; x_wconf 89' lang='lat' dir='ltr'>in</span> <span class='ocrx_word' id='word_1_186' title='bbox 249 1563 388 1590; x_wconf 80' lang='lat' dir='ltr'>earum</span> <span class='ocrx_word' id='word_1_187' title='bbox 410 1554 639 1592; x_wconf 81' lang='lat' dir='ltr'>intervallis</span> <span class='ocrx_word' id='word_1_188' title='bbox 667 1554 779 1591; x_wconf 91' lang='lat' dir='ltr'>iocos</span> <span class='ocrx_word' id='word_1_189' title='bbox 802 1567 886 1590; x_wconf 91' lang='lat' dir='ltr'>non</span> <span class='ocrx_word' id='word_1_190' title='bbox 909 1554 1226 1604; x_wconf 75' lang='lat' dir='ltr'>praemeditatos</span> <span class='ocrx_word' id='word_1_191' title='bbox 1247 1553 1487 1596; x_wconf 84' lang='lat' dir='ltr'>funderent.</span> 
     </span>
     <span class='ocr_line' id='line_1_22' title="bbox 91 1619 1488 1673; baseline 0.004 -17"><span class='ocrx_word' id='word_1_192' title='bbox 91 1619 352 1670; x_wconf 80' lang='lat' dir='ltr'>Planipedes</span> <span class='ocrx_word' id='word_1_193' title='bbox 382 1620 484 1658; x_wconf 82' lang='lat' dir='ltr'>dicti</span> <span class='ocrx_word' id='word_1_194' title='bbox 523 1627 639 1670; x_wconf 86' lang='lat' dir='ltr'>sunt,</span> <span class='ocrx_word' id='word_1_195' title='bbox 690 1622 801 1673; x_wconf 81' lang='lat' dir='ltr'>quod</span> <span class='ocrx_word' id='word_1_196' title='bbox 832 1621 1040 1673; x_wconf 78' lang='lat' dir='ltr'>planis</span> <span class='ocrx_word' id='word_1_197' title='bbox 1082 1621 1288 1671; x_wconf 71' lang='lat' dir='ltr'>pedibuS,</span> <span class='ocrx_word' id='word_1_198' title='bbox 1341 1623 1390 1660; x_wconf 81' lang='lat' dir='ltr'>id</span> <span class='ocrx_word' id='word_1_199' title='bbox 1426 1633 1488 1663; x_wconf 72' lang='lat' dir='ltr'>est</span> 
     </span>
     <span class='ocr_line' id='line_1_23' title="bbox 93 1686 1488 1740; baseline 0.004 -17"><span class='ocrx_word' id='word_1_200' title='bbox 93 1686 241 1731; x_wconf 84' lang='lat' dir='ltr'>nudis,</span> <span class='ocrx_word' id='word_1_201' title='bbox 275 1689 320 1724; x_wconf 89' lang='lat' dir='ltr'>in</span> <span class='ocrx_word' id='word_1_202' title='bbox 349 1691 614 1739; x_wconf 80' lang='lat' dir='ltr'>proscenium</span> <span class='ocrx_word' id='word_1_203' title='bbox 652 1690 897 1732; x_wconf 78' lang='lat' dir='ltr'>introirent,</span> <span class='ocrx_word' id='word_1_204' title='bbox 939 1702 1022 1725; x_wconf 84' lang='lat' dir='ltr'>non</span> <span class='ocrx_word' id='word_1_205' title='bbox 1058 1697 1104 1725; x_wconf 89' lang='lat' dir='ltr'>ut</span> <span class='ocrx_word' id='word_1_206' title='bbox 1136 1690 1296 1740; x_wconf 75' lang='lat' dir='ltr'>tragici</span> <span class='ocrx_word' id='word_1_207' title='bbox 1327 1699 1488 1729; x_wconf 71' lang='lat' dir='ltr'>actores·</span> 
     </span>
     <span class='ocr_line' id='line_1_24' title="bbox 92 1754 1488 1810; baseline 0.004 -20"><span class='ocrx_word' id='word_1_208' title='bbox 92 1767 186 1791; x_wconf 82' lang='lat' dir='ltr'>cum</span> <span class='ocrx_word' id='word_1_209' title='bbox 219 1754 454 1799; x_wconf 74' lang='lat' dir='ltr'>cothurnis,</span> <span class='ocrx_word' id='word_1_210' title='bbox 501 1770 636 1807; x_wconf 84' lang='lat' dir='ltr'>neque</span> <span class='ocrx_word' id='word_1_211' title='bbox 674 1764 721 1792; x_wconf 87' lang='lat' dir='ltr'>ut</span> <span class='ocrx_word' id='word_1_212' title='bbox 751 1757 902 1792; x_wconf 85' lang='lat' dir='ltr'>comici</span> <span class='ocrx_word' id='word_1_213' title='bbox 931 1768 1024 1791; x_wconf 82' lang='lat' dir='ltr'>cum</span> <span class='ocrx_word' id='word_1_214' title='bbox 1056 1757 1215 1802; x_wconf 76' lang='lat' dir='ltr'>socci85</span> <span class='ocrx_word' id='word_1_215' title='bbox 1255 1758 1341 1794; x_wconf 78' lang='lat' dir='ltr'>sive</span> <span class='ocrx_word' id='word_1_216' title='bbox 1375 1760 1488 1810; x_wconf 79' lang='lat' dir='ltr'>quod</span> 
     </span>
     <span class='ocr_line' id='line_1_25' title="bbox 90 1821 1484 1873; baseline 0.004 -14"><span class='ocrx_word' id='word_1_217' title='bbox 90 1821 191 1859; x_wconf 85' lang='lat' dir='ltr'>olim</span> <span class='ocrx_word' id='word_1_218' title='bbox 224 1835 307 1859; x_wconf 89' lang='lat' dir='ltr'>non</span> <span class='ocrx_word' id='word_1_219' title='bbox 342 1824 388 1859; x_wconf 83' lang='lat' dir='ltr'>in</span> <span class='ocrx_word' id='word_1_220' title='bbox 420 1831 618 1873; x_wconf 77' lang='lat' dir='ltr'>suggestu</span> <span class='ocrx_word' id='word_1_221' title='bbox 651 1836 820 1870; x_wconf 81' lang='lat' dir='ltr'>scenae,</span> <span class='ocrx_word' id='word_1_222' title='bbox 870 1821 943 1858; x_wconf 80' lang='lat' dir='ltr'>sed</span> <span class='ocrx_word' id='word_1_223' title='bbox 977 1823 1022 1858; x_wconf 85' lang='lat' dir='ltr'>in</span> <span class='ocrx_word' id='word_1_224' title='bbox 1048 1823 1222 1873; x_wconf 79' lang='lat' dir='ltr'>plano</span> <span class='ocrx_word' id='word_1_225' title='bbox 1253 1824 1484 1864; x_wconf 73' lang='lat' dir='ltr'>orchestrae</span> 
     </span>
     <span class='ocr_line' id='line_1_26' title="bbox 87 1890 1485 1940; baseline 0.005 -15"><span class='ocrx_word' id='word_1_226' title='bbox 87 1891 240 1940; x_wconf 76' lang='lat' dir='ltr'>positis</span> <span class='ocrx_word' id='word_1_227' title='bbox 274 1891 558 1927; x_wconf 83' lang='lat' dir='ltr'>instrumentis</span> <span class='ocrx_word' id='word_1_228' title='bbox 600 1891 780 1926; x_wconf 80' lang='lat' dir='ltr'>mimicis</span> <span class='ocrx_word' id='word_1_229' title='bbox 819 1890 1070 1927; x_wconf 79' lang='lat' dir='ltr'>actitarent:</span> <span class='ocrx_word' id='word_1_230' title='bbox 1115 1891 1171 1927; x_wconf 85' lang='lat' dir='ltr'>ita</span> <span class='ocrx_word' id='word_1_231' title='bbox 1206 1891 1398 1930; x_wconf 86' lang='lat' dir='ltr'>Diomed.</span> <span class='ocrx_word' id='word_1_232' title='bbox 1432 1893 1485 1932; x_wconf 84' lang='lat' dir='ltr'>de</span> 
     </span>
     <span class='ocr_line' id='line_1_27' title="bbox 88 1955 1486 2008; baseline 0.004 -14"><span class='ocrx_word' id='word_1_233' title='bbox 88 1970 222 2008; x_wconf 79' lang='lat' dir='ltr'>poem.</span> <span class='ocrx_word' id='word_1_234' title='bbox 253 1970 341 2007; x_wconf 86' lang='lat' dir='ltr'>gen.</span> <span class='ocrx_word' id='word_1_235' title='bbox 366 1956 436 1993; x_wconf 86' lang='lat' dir='ltr'>lib.</span> <span class='ocrx_word' id='word_1_236' title='bbox 459 1956 534 1993; x_wconf 91' lang='lat' dir='ltr'>III.</span> <span class='ocrx_word' id='word_1_237' title='bbox 554 1970 593 2006; x_wconf 88' lang='lat' dir='ltr'>p.</span> <span class='ocrx_word' id='word_1_238' title='bbox 618 1957 713 2006; x_wconf 79' lang='lat'><strong>487.</strong></span> <span class='ocrx_word' id='word_1_239' title='bbox 736 1956 797 1993; x_wconf 89' lang='lat' dir='ltr'>ed.</span> <span class='ocrx_word' id='word_1_240' title='bbox 819 1955 986 1994; x_wconf 88' lang='lat' dir='ltr'>Putsch.</span> <span class='ocrx_word' id='word_1_241' title='bbox 1007 1957 1207 1995; x_wconf 85' lang='lat' dir='ltr'>Similiter</span> <span class='ocrx_word' id='word_1_242' title='bbox 1228 1959 1416 1999; x_wconf 84' lang='lat' dir='ltr'>Donatus</span> <span class='ocrx_word' id='word_1_243' title='bbox 1438 1962 1486 2000; x_wconf 87' lang='lat' dir='ltr'>in</span> 
     </span>
     <span class='ocr_line' id='line_1_28' title="bbox 90 2022 1484 2081; baseline 0.004 -20"><span class='ocrx_word' id='word_1_244' title='bbox 90 2024 200 2061; x_wconf 83' lang='lat' dir='ltr'>Prol.</span> <span class='ocrx_word' id='word_1_245' title='bbox 236 2023 287 2060; x_wconf 86' lang='lat' dir='ltr'>ad</span> <span class='ocrx_word' id='word_1_246' title='bbox 327 2023 505 2060; x_wconf 65' lang='lat' dir='ltr'>Terent.</span> <span class='ocrx_word' id='word_1_247' title='bbox 534 2022 654 2061; x_wconf 84' lang='lat' dir='ltr'>Conf.</span> <span class='ocrx_word' id='word_1_248' title='bbox 690 2023 854 2074; x_wconf 82' lang='lat' dir='ltr'>Ziegler</span> <span class='ocrx_word' id='word_1_249' title='bbox 884 2022 934 2062; x_wconf 90' lang='lat' dir='ltr'>de</span> <span class='ocrx_word' id='word_1_250' title='bbox 962 2024 1098 2061; x_wconf 89' lang='lat' dir='ltr'>mimis</span> <span class='ocrx_word' id='word_1_251' title='bbox 1132 2025 1252 2063; x_wconf 88' lang='lat' dir='ltr'>Rom.</span> <span class='ocrx_word' id='word_1_252' title='bbox 1283 2041 1323 2078; x_wconf 88' lang='lat' dir='ltr'>p.</span> <span class='ocrx_word' id='word_1_253' title='bbox 1352 2041 1377 2079; x_wconf 84' lang='lat'><strong>9</strong></span> <span class='ocrx_word' id='word_1_254' title='bbox 1399 2043 1484 2081; x_wconf 88' lang='lat' dir='ltr'>seq.</span> 
     </span>
     <span class='ocr_line' id='line_1_29' title="bbox 89 2089 1484 2145; baseline 0.004 -17"><span class='ocrx_word' id='word_1_255' title='bbox 89 2091 162 2128; x_wconf 84' lang='lat' dir='ltr'>ubi</span> <span class='ocrx_word' id='word_1_256' title='bbox 185 2095 322 2138; x_wconf 76' lang='lat' dir='ltr'>notat,</span> <span class='ocrx_word' id='word_1_257' title='bbox 346 2089 607 2141; x_wconf 87' lang='lat' dir='ltr'>planipedes,</span> <span class='ocrx_word' id='word_1_258' title='bbox 637 2091 713 2128; x_wconf 87' lang='lat' dir='ltr'>etsi</span> <span class='ocrx_word' id='word_1_259' title='bbox 737 2091 964 2128; x_wconf 76' lang='lat' dir='ltr'>excalceati</span> <span class='ocrx_word' id='word_1_260' title='bbox 985 2091 1077 2128; x_wconf 89' lang='lat' dir='ltr'>Sen.</span> <span class='ocrx_word' id='word_1_261' title='bbox 1108 2091 1186 2143; x_wconf 90' lang='lat' dir='ltr'>Ep.</span> <span class='ocrx_word' id='word_1_262' title='bbox 1214 2093 1251 2129; x_wconf 90' lang='lat'>8.</span> <span class='ocrx_word' id='word_1_263' title='bbox 1281 2092 1484 2145; x_wconf 84' lang='lat' dir='ltr'>dicantur,</span> 
     </span>
     <span class='ocr_line' id='line_1_30' title="bbox 90 2158 1485 2213; baseline 0.004 -17"><span class='ocrx_word' id='word_1_264' title='bbox 90 2158 211 2196; x_wconf 89' lang='lat' dir='ltr'>soleis</span> <span class='ocrx_word' id='word_1_265' title='bbox 238 2164 372 2195; x_wconf 89' lang='lat' dir='ltr'>tamen</span> <span class='ocrx_word' id='word_1_266' title='bbox 396 2158 458 2195; x_wconf 87' lang='lat' dir='ltr'>uti</span> <span class='ocrx_word' id='word_1_267' title='bbox 491 2158 676 2209; x_wconf 88' lang='lat' dir='ltr'>potuisse</span> <span class='ocrx_word' id='word_1_268' title='bbox 711 2165 751 2196; x_wconf 87' lang='lat' dir='ltr'>et</span> <span class='ocrx_word' id='word_1_269' title='bbox 773 2172 796 2196; x_wconf 87' lang='lat' dir='ltr'>a</span> <span class='ocrx_word' id='word_1_270' title='bbox 814 2159 962 2209; x_wconf 81' lang='lat' dir='ltr'>planis</span> <span class='ocrx_word' id='word_1_271' title='bbox 988 2159 1192 2210; x_wconf 79' lang='lat' dir='ltr'>pedibus,</span> <span class='ocrx_word' id='word_1_272' title='bbox 1235 2173 1320 2199; x_wconf 86' lang='lat' dir='ltr'>non</span> <span class='ocrx_word' id='word_1_273' title='bbox 1348 2163 1485 2213; x_wconf 85' lang='lat' dir='ltr'>nudis,</span> 
     </span>
     <span class='ocr_line' id='line_1_31' title="bbox 89 2224 1484 2279; baseline 0.006 -17"><span class='ocrx_word' id='word_1_274' title='bbox 89 2225 161 2263; x_wconf 88' lang='lat' dir='ltr'>sed</span> <span class='ocrx_word' id='word_1_275' title='bbox 184 2224 293 2262; x_wconf 83' lang='lat' dir='ltr'>haud</span> <span class='ocrx_word' id='word_1_276' title='bbox 318 2225 536 2262; x_wconf 77' lang='lat' dir='ltr'>artificiose</span> <span class='ocrx_word' id='word_1_277' title='bbox 557 2226 765 2274; x_wconf 78' lang='lat' dir='ltr'>exaltatis,</span> <span class='ocrx_word' id='word_1_278' title='bbox 799 2231 966 2264; x_wconf 85' lang='lat' dir='ltr'>vocatos</span> <span class='ocrx_word' id='word_1_279' title='bbox 993 2240 1079 2264; x_wconf 90' lang='lat' dir='ltr'>esse</span> <span class='ocrx_word' id='word_1_280' title='bbox 1091 2254 1105 2271; x_wconf 84' lang='lat'><em>,</em></span> <span class='ocrx_word' id='word_1_281' title='bbox 1140 2228 1484 2279; x_wconf 77' lang='lat' dir='ltr'>quemadmodum</span> 
     </span>
     <span class='ocr_line' id='line_1_32' title="bbox 88 2282 1485 2344; baseline 0.005 -13"><span class='ocrx_word' id='word_1_282' title='bbox 88 2292 243 2343; x_wconf 78' lang='lat' dir='ltr'>reliqui</span> <span class='ocrx_word' id='word_1_283' title='bbox 264 2291 481 2330; x_wconf 80' lang='lat' dir='ltr'>histriones</span> <span class='ocrx_word' id='word_1_284' title='bbox 504 2307 526 2330; x_wconf 88' lang='lat' dir='ltr'>a</span> <span class='ocrx_word' id='word_1_285' title='bbox 550 2282 711 2331; x_wconf 84' lang='lat' dir='ltr'>diverso</span> <span class='ocrx_word' id='word_1_286' title='bbox 734 2293 887 2344; x_wconf 85' lang='lat' dir='ltr'>pedum</span> <span class='ocrx_word' id='word_1_287' title='bbox 909 2295 1156 2332; x_wconf 81' lang='lat' dir='ltr'>vestimento</span> <span class='ocrx_word' id='word_1_288' title='bbox 1178 2297 1380 2335; x_wconf 83' lang='lat' dir='ltr'>nominati</span> <span class='ocrx_word' id='word_1_289' title='bbox 1400 2300 1485 2338; x_wconf 84' lang='lat' dir='ltr'>sint</span> 
     </span>
     <span class='ocr_line' id='line_1_33' title="bbox 91 2358 1478 2413; baseline 0.006 -16"><span class='ocrx_word' id='word_1_290' title='bbox 91 2358 334 2397; x_wconf 72' lang='lat' dir='ltr'>cothurnati</span> <span class='ocrx_word' id='word_1_291' title='bbox 366 2365 408 2397; x_wconf 85' lang='lat' dir='ltr'>et</span> <span class='ocrx_word' id='word_1_292' title='bbox 443 2363 610 2398; x_wconf 83' lang='lat' dir='ltr'>soccati.</span> <span class='ocrx_word' id='word_1_293' title='bbox 678 2362 808 2399; x_wconf 82' lang='lat' dir='ltr'>Fabii</span> <span class='ocrx_word' id='word_1_294' title='bbox 830 2375 906 2413; x_wconf 88' lang='lat' dir='ltr'>pro</span> <span class='ocrx_word' id='word_1_295' title='bbox 932 2362 1163 2411; x_wconf 86' lang='lat' dir='ltr'>nobilibus,</span> <span class='ocrx_word' id='word_1_296' title='bbox 1188 2368 1236 2400; x_wconf 90' lang='lat' dir='ltr'>ut</span> <span class='ocrx_word' id='word_1_297' title='bbox 1253 2365 1478 2413; x_wconf 80' lang='lat' dir='ltr'>Mamerci,</span> 
     </span>
     <span class='ocr_line' id='line_1_34' title="bbox 94 2427 1480 2487; baseline 0.005 -24"><span class='ocrx_word' id='word_1_298' title='bbox 94 2427 165 2479; x_wconf 86' lang='lat' dir='ltr'>qui</span> <span class='ocrx_word' id='word_1_299' title='bbox 191 2440 243 2463; x_wconf 79' lang='lat' dir='ltr'>ex</span> <span class='ocrx_word' id='word_1_300' title='bbox 267 2427 454 2464; x_wconf 80' lang='lat' dir='ltr'>Aemiliis</span> <span class='ocrx_word' id='word_1_301' title='bbox 477 2434 606 2466; x_wconf 84' lang='lat' dir='ltr'>erant.</span> <span class='ocrx_word' id='word_1_302' title='bbox 725 2441 814 2480; x_wconf 88' lang='lat'>192.</span> <span class='ocrx_word' id='word_1_303' title='bbox 846 2431 1156 2468; x_wconf 74' lang='lat' dir='ltr'>Mamercorum</span> <span class='ocrx_word' id='word_1_304' title='bbox 1178 2431 1330 2482; x_wconf 79' lang='lat' dir='ltr'>alapas</span> <span class='ocrx_word' id='word_1_305' title='bbox 1339 2461 1354 2478; x_wconf 91' lang='lat'><em>,</em></span> <span class='ocrx_word' id='word_1_306' title='bbox 1385 2436 1480 2487; x_wconf 80' lang='lat' dir='ltr'>qui-</span> 
     </span>
     <span class='ocr_line' id='line_1_35' title="bbox 92 2494 1481 2548; baseline 0.006 -16"><span class='ocrx_word' id='word_1_307' title='bbox 92 2495 168 2532; x_wconf 89' lang='lat' dir='ltr'>bus</span> <span class='ocrx_word' id='word_1_308' title='bbox 190 2494 507 2544; x_wconf 80' lang='lat' dir='ltr'>percutiuntur,</span> <span class='ocrx_word' id='word_1_309' title='bbox 533 2508 747 2535; x_wconf 82' lang='lat' dir='ltr'>servorum</span> <span class='ocrx_word' id='word_1_310' title='bbox 766 2497 835 2534; x_wconf 83' lang='lat' dir='ltr'>vel</span> <span class='ocrx_word' id='word_1_311' title='bbox 858 2510 1093 2535; x_wconf 86' lang='lat' dir='ltr'>scurrarum</span> <span class='ocrx_word' id='word_1_312' title='bbox 1115 2511 1332 2548; x_wconf 86' lang='lat' dir='ltr'>personam</span> <span class='ocrx_word' id='word_1_313' title='bbox 1352 2503 1481 2541; x_wconf 78' lang='lat' dir='ltr'>susti-</span> 
     </span>
     <span class='ocr_line' id='line_1_36' title="bbox 93 2558 1481 2618; baseline 0.006 -19"><span class='ocrx_word' id='word_1_314' title='bbox 93 2565 249 2599; x_wconf 82' lang='lat' dir='ltr'>nentes.</span> <span class='ocrx_word' id='word_1_315' title='bbox 277 2575 315 2599; x_wconf 88' lang='lat' dir='ltr'>v.</span> <span class='ocrx_word' id='word_1_316' title='bbox 340 2561 389 2599; x_wconf 87' lang='lat' dir='ltr'>ad</span> <span class='ocrx_word' id='word_1_317' title='bbox 410 2562 443 2611; x_wconf 83' lang='lat' dir='ltr'>I,</span> <span class='ocrx_word' id='word_1_318' title='bbox 469 2561 534 2600; x_wconf 85' lang='lat'>36.</span> <span class='ocrx_word' id='word_1_319' title='bbox 554 2562 606 2612; x_wconf 87' lang='lat' dir='ltr'>V,</span> <span class='ocrx_word' id='word_1_320' title='bbox 631 2576 719 2609; x_wconf 90' lang='lat'>171.</span> <span class='ocrx_word' id='word_1_321' title='bbox 743 2569 785 2601; x_wconf 86' lang='lat' dir='ltr'>et</span> <span class='ocrx_word' id='word_1_322' title='bbox 808 2563 917 2602; x_wconf 85' lang='lat' dir='ltr'>cons.</span> <span class='ocrx_word' id='word_1_323' title='bbox 940 2565 1062 2602; x_wconf 81' lang='lat' dir='ltr'>Mart.</span> <span class='ocrx_word' id='word_1_324' title='bbox 1083 2565 1135 2614; x_wconf 82' lang='grc' dir='ltr'>ΙΙ,</span> <span class='ocrx_word' id='word_1_325' title='bbox 1165 2577 1227 2615; x_wconf 88' lang='lat'>72.</span> <span class='ocrx_word' id='word_1_326' title='bbox 1248 2558 1299 2616; x_wconf 64' lang='lat' dir='ltr'>V&#39;,</span> <span class='ocrx_word' id='word_1_327' title='bbox 1326 2568 1392 2618; x_wconf 84' lang='lat'>62,</span> <span class='ocrx_word' id='word_1_328' title='bbox 1418 2583 1481 2609; x_wconf 87' lang='lat'>11.</span> 
     </span>
     <span class='ocr_line' id='line_1_37' title="bbox 94 2629 1482 2686; baseline 0.009 -22"><span class='ocrx_word' id='word_1_329' title='bbox 94 2642 172 2665; x_wconf 81' lang='lat' dir='ltr'>sua</span> <span class='ocrx_word' id='word_1_330' title='bbox 184 2629 346 2680; x_wconf 83' lang='lat' dir='ltr'>funera</span> <span class='ocrx_word' id='word_1_331' title='bbox 373 2630 575 2678; x_wconf 75' lang='lat' dir='ltr'>vendant,</span> <span class='ocrx_word' id='word_1_332' title='bbox 601 2644 644 2668; x_wconf 89' lang='lat' dir='ltr'>se</span> <span class='ocrx_word' id='word_1_333' title='bbox 669 2637 711 2669; x_wconf 81' lang='lat' dir='ltr'>et</span> <span class='ocrx_word' id='word_1_334' title='bbox 731 2631 855 2669; x_wconf 77' lang='lat' dir='ltr'>vitam</span> <span class='ocrx_word' id='word_1_335' title='bbox 881 2645 994 2670; x_wconf 86' lang='lat' dir='ltr'>suam</span> <span class='ocrx_word' id='word_1_336' title='bbox 1012 2632 1170 2670; x_wconf 87' lang='lat' dir='ltr'>lanistis</span> <span class='ocrx_word' id='word_1_337' title='bbox 1197 2634 1394 2686; x_wconf 85' lang='lat' dir='ltr'>vendant,</span> <span class='ocrx_word' id='word_1_338' title='bbox 1433 2645 1482 2676; x_wconf 92' lang='lat' dir='ltr'>ut</span> 
     </span>
     <span class='ocr_line' id='line_1_38' title="bbox 94 2695 1478 2757; baseline 0.008 -24"><span class='ocrx_word' id='word_1_339' title='bbox 94 2695 223 2733; x_wconf 79' lang='lat' dir='ltr'>Nunc</span> <span class='ocrx_word' id='word_1_340' title='bbox 249 2706 377 2749; x_wconf 79' lang='lat' dir='ltr'>caput</span> <span class='ocrx_word' id='word_1_341' title='bbox 405 2699 451 2736; x_wconf 85' lang='lat' dir='ltr'>in</span> <span class='ocrx_word' id='word_1_342' title='bbox 474 2706 640 2737; x_wconf 84' lang='lat' dir='ltr'>mortem</span> <span class='ocrx_word' id='word_1_343' title='bbox 662 2699 847 2738; x_wconf 65' lang='lat' dir='ltr'>vendunt</span> <span class='ocrx_word' id='word_1_344' title='bbox 872 2708 909 2737; x_wconf 84' lang='lat' dir='ltr'>et</span> <span class='ocrx_word' id='word_1_345' title='bbox 922 2700 1062 2751; x_wconf 77' lang='lat' dir='ltr'>sunus</span> <span class='ocrx_word' id='word_1_346' title='bbox 1086 2715 1237 2740; x_wconf 86' lang='lat' dir='ltr'>arenae</span> <span class='ocrx_word' id='word_1_347' title='bbox 1259 2716 1321 2757; x_wconf 83' lang='lat' dir='ltr'>ap.</span> <span class='ocrx_word' id='word_1_348' title='bbox 1334 2704 1478 2746; x_wconf 83' lang='lat' dir='ltr'>Manil.</span> 
     </span>
    </p>
   </div>
  </div>
 </body>
</html>
