1686 3089
436 174 795 221 IN'IVVEN.
844 176 987 218 sAT.
1034 177 1106 217 iv.
1387 176 1472 235 ³69

202 295 263 334 15.
289 295 350 334 16.
372 294 556 333 Pretium
579 294 700 333 huius
723 293 840 333 mulli
859 292 977 332 suere
995 305 1064 329 sex
1089 291 1226 328 millia
1250 296 1473 331 numorum

86 362 175 400 sive
202 376 277 400 sex
299 364 503 411 sestertia,
546 368 588 400 et
611 361 806 409 totidem,
843 359 883 398 h.
914 374 948 398 e.
971 373 1066 408 sex,
1107 359 1231 396 libras
1262 360 1473 410 pependit.

84 424 152 467 Cs.
170 430 353 468 Gronov.
374 430 424 468 de
447 431 614 468 Sestert.
640 430 714 477 III,
737 429 772 466 6.
790 436 829 480 p.
858 428 945 466 161.
970 441 1051 479 seq.
1132 427 1240 464 Sane
1267 426 1474 476 eleganter

87 502 130 534 et
159 496 382 547 εἰρωνικῶς
411 496 645 546 adhibetur,
697 502 744 534 ut
779 496 852 533 Gr.
884 492 934 548 δή
961 496 1029 533 vel
1059 489 1212 546 δήπου,
1255 498 1296 530 et
1333 493 1475 531 Germ.

78 563 282 614 fiir-malm·
294 593 308 610 ,
350 567 396 602 in
421 566 491 602 der
513 565 638 614 leccl,
674 574 812 602 traun.
871 563 934 601 Cf.
954 564 1094 600 Burni.
1133 560 1182 599 ad
1209 559 1381 597 Phaedr.
1403 560 1480 609 III,

93 631 158 679 15,
186 644 245 669 12.
303 633 428 670 Poeta
443 632 627 683 loquitur
655 632 703 669 de
726 646 771 670 re
797 631 919 670 dubia
942 644 987 668 ac
1012 630 1218 676 sabulosa3
1249 641 1329 679 quo
1357 627 1481 666 etiam

92 705 277 749 spectant
298 700 424 738 verba
448 708 493 737 at
506 700 729 750 perhibent
750 706 823 736 cet.
888 710 947 747 17.
979 699 1053 751 qni
1072 697 1120 734 de
1136 697 1321 746 ‚magnis
1345 697 1483 732 maio-

92 780 143 803 ra
163 767 408 819 loquuntur,
446 767 517 819 qui
538 780 627 805 rem
651 767 789 805 verbis
813 765 1024 817 adaugent.
1092 763 1302 802 Notantur
1322 763 1482 800 sabula-—

93 838 204 871 tores
231 840 272 871 et
286 834 540 885 rumigeruli.

117 897 128 903 ’
209 903 400 940 18-21,
442 902 591 939 Faceta
616 909 658 939 et
680 902 761 940 illis
797 902 1050 953 temporibus
1085 897 1387 940 accommodata
1408 897 1485 936 ob-

93 970 293 1007 servatio:
332 969 431 1007 Non
453 968 800 1019 reprehenderem
832 969 1016 1020 Crispmi
1050 968 1280 1011 luxuriam,
1323 968 1358 1003 si
1378 968 1486 1004 arti-

84 1037 192 1088 fix,
233 1037 380 1075 callido
400 1036 596 1084 consilio,
635 1037 809 1075 mullum
842 1037 944 1074 tanti
976 1042 1131 1074 emtum
1166 1035 1274 1072 dono
1311 1034 1490 1072 misisset

96 1106 187 1140 seni
217 1105 311 1141 orbo
343 1111 414 1142 aut
441 1119 619 1155 magnae
658 1103 698 1142 h.
739 1119 772 1142 e.
811 1104 964 1142 illustri
996 1102 1276 1154 locupletique
1314 1103 1492 1148 amicae,

96 1169 460 1226 utwhereditatem‚
492 1178 600 1209 certe
627 1172 796 1222 gratiam
820 1185 987 1218 eorum,
1017 1176 1210 1222 captaret.
1263 1182 1323 1220 19.
1354 1170 1492 1206 Prae—

37 1256 42 1261 ·
100 1240 274 1289 cipuam
301 1254 458 1284 ceram,
510 1254 549 1291 p.
572 1246 728 1291 partem
758 1238 1021 1287 hereditatis,
1075 1240 1120 1275 in.
1155 1236 1312 1274 tabulis
1346 1235 1494 1273 ceratis

99 1308 335 1345 'testamenti
367 1308 643 1358 consignatae:
692 1307 760 1344 vel
784 1308 1024 1357 praecipua
1060 1319 1153 1342 cera
1191 1310 1252 1341 est
1272 1303 1405 1354 prima
1429 1309 1495 1339 ta-

100 1374 219 1421 bula,
271 1375 315 1412 in
354 1388 432 1425 qua
460 1375 586 1425 primi
626 1373 797 1412 heredes
847 1380 887 1412 et
922 1372 1087 1425 quidem
1117 1372 1160 1410 in
1197 1369 1378 1408 secundo
1409 1370 1498 1406 eius

102 1452 229 1479 ‘versu
256 1442 513 1490 scribuntur,
563 1442 682 1479 utin
713 1440 890 1478 secunda
933 1439 1123 1487 secundi,
1176 1445 1218 1479 et
1253 1452 1282 1474 S.
1321 1451 1363 1488 p.
1429 1436 1496 1474 Cf.

94 1509 231 1559 intpp.
255 1509 359 1546 Hor.
380 1510 462 1546 Sat.
486 1509 541 1557 II,
566 1510 605 1555 5,
623 1509 687 1546 53.
709 1509 774 1546 54.
817 1508 929 1544 Suet.
963 1506 1074 1544 Caes.
1113 1507 1177 1543 83.
1209 1505 1309 1543 Ner.
1355 1516 1416 1554 17.
1454 1509 1498 1541 et

102 1576 154 1614 al.
292 1577 490 1634 ulterior,
543 1576 631 1613 alia.
691 1587 758 1612 21.
790 1575 970 1611 Antrum
1004 1575 1220 1616 clau-clem,
1275 1572 1376 1609 sella
1429 1571 1500 1609 vel

723 1642 788 1680 Cs.
821 1641 873 1679 ad
896 1642 928 1690 I,
973 1641 1037 1678 65.
1152 1640 1401 1691 Specularc'a
1431 1638 1501 1676 se-

106 1717 269 1750 nestrae
303 1725 325 1749 e
362 1710 498 1762 lapide
533 1710 747 1761 speculari.
769 1706 789 1730 ⁶
815 1732 871 1740 —-
921 1720 987 1746 22.
1014 1709 1158 1746 Multa
1191 1706 1377 1745 videmus
1403 1705 1502 1743 Cri-

106 1779 273 1831 spinum
318 1779 476 1817 secisse.
515 1800 570 1807 —-
626 1779 692 1816 23.
731 1777 798 1814 De
843 1777 976 1815 tribus
1019 1776 1189 1826 Apiciis
1201 1803 1214 1820 ,
1266 1772 1504 1812 hominibus

97 1846 338 1899 opulentis,
374 1845 555 1898 prodigis
590 1846 787 1897 gulaeque
820 1843 1043 1895 magistris,
1084 1838 1211 1894 (unde
1243 1840 1425 1892 Apicius
1451 1840 1503 1877 de

113 1915 261 1968 quovis
285 1915 425 1965 guloso
452 1914 528 1952 inf.
551 1913 628 1961 XI,
653 1913 690 1950 3.
721 1919 762 1950 et
782 1912 942 1964 Apieia
967 1924 996 1948 s,
1018 1910 1237 1961 Apiciana
1261 1908 1503 1945 condimen-

112 1992 179 2032 ta,
220 1992 386 2021 coc-cura
400 2010 414 2027 ,
446 1996 528 2020 uva
540 2008 554 2025 ,
581 1981 802 2032 placentae
829 1974 923 2032 cet.)
955 1990 1129 2030 quorum
1152 1977 1310 2028 primus
1336 1988 1369 2013 a.
1390 1974 1444 2012 U.
1470 1988 1506 2013 c.

106 1643 253 1682 lectica
284 1635 430 1682 clausa
478 1657 510 1681 s.
541 1649 660 1680 tecta.

116 2103 199 2124 rum
224 2103 254 2122 v.
293 2089 342 2122 id.
371 2089 464 2122 Plin.
489 2087 551 2129 IX,
585 2099 637 2130 17.
665 2096 698 2120 et
731 2086 781 2120 18.
841 2095 914 2118 tam
958 2084 1249 2124 mentitionibus,
1320 2084 1506 2124 cubiculis,

115 2163 144 2183 ⁵.
170 2151 225 2184 51.
263 2148 346 2180 Hor.
374 2146 447 2178 Sat.
469 2144 514 2185 ΙΙ,
541 2158 572 2186 2,
598 2146 654 2178 54.
683 2146 783 2177 Mar-

118 2209 196 2241 tial.
229 2200 293 2246 III,
321 2203 376 2246 45,
405 2205 436 2238 5.
481 2203 523 2245 X,
550 2206 604 2236 31.
648 2202 709 2244 XI,
729 2204 782 2244 bi,

117 2279 152 2310 9.
186 2265 309 2298 senec.
338 2274 392 2306 ep.
417 2261 472 2306 95.
521 2261 678 2294 Mam—oh.
710 2260 782 2292 Sat.

106 2314 162 2365 ¹11,
190 2334 242 2355 12.
291 2322 388 2354 Suet.
416 2321 498 2353 Tib.
532 2318 589 2352 54.
634 2318 784 2349 Tertull.

124 2382 168 2413 de
192 2382 306 2425 pallio
324 2393 358 2424 p.
382 2389 458 2421 119.
483 2385 516 2409 et
535 2376 580 2409 ad
600 2388 682 2408 eum
702 2375 784 2407 Sal-

123 2451 210 2473 mas.
238 2451 272 2483 p.
302 2437 373 2469 153.
396 2434 476 2467 454.

170 2496 202 2529 6.
228 2492 402 2539 Specular
437 2491 492 2532 (ut
515 2491 619 2522 verba
639 2490 788 2522 Werns-

124 2548 280 2586 dorf.'›in
306 2553 401 2584 Poet.
432 2551 493 2581 lat.
530 2550 618 2580 min.
654 2548 695 2580 T.
728 2547 790 2580 VI.

841 2145 974 2177 lecticis
1021 2151 1055 2174 et
1096 2143 1264 2187 pomariis
1311 2141 1510 2183 hortorum,

841 2210 919 2234 tum
948 2201 1026 2233 luce
1055 2209 1088 2232 et
1115 2201 1229 2233 calore
1251 2200 1334 2231 solis
1357 2198 1510 2240 perfun-

843 2258 986 2300 dendis,
1029 2267 1106 2290 tum
1142 2257 1185 2289 ab
1217 2261 1293 2287 aere
1321 2263 1354 2286 et
1392 2255 1511 2287 hieme

844 2315 1100 2355 defendendis,
1148 2313 1372 2346 adhibebant.
1407 2324 1438 2345 v.
1467 2311 1513 2344 ad

843 2374 870 2415 I,
894 2373 952 2407 65.
977 2373 1130 2405 Martial.
1156 2370 1250 2411 VIII,
1278 2372 1330 2412 14,
1362 2370 1394 2402 3.
1427 2368 1512 2402 Sen-

845 2432 912 2474 Ep.
943 2431 997 2464 86.
1039 2442 1073 2472 p.
1109 2429 1186 2471 567.
1239 2427 1296 2460 ed.
1342 2426 1453 2459 Gron.
1480 2434 1515 2458 et

844 2489 925 2522 Nat.
969 2487 1111 2530 Quaest.
1154 2485 1214 2526 lv,
1260 2485 1313 2517 13.
1356 2495 1390 2527 p.
1434 2482 1515 2528 762.

847 2547 968 2591 Intpp.
1002 2544 1096 2576 Plan.
1120 2542 1164 2575 H.
1197 2541 1241 2574 N.
1266 2540 1425 2582 XXXVI,
1457 2551 1515 2572 22.

127 2621 164 2653 P·
189 2609 267 2642 542.
293 2620 374 2642 mea
407 2606 550 2649 faciam)
587 2613 637 2637 est
660 2604 792 2647 quadra
850 2617 876 2637 s.
908 2602 962 2635 45.
1002 2600 1057 2634 25.
1093 2612 1119 2633 5.
1158 2599 1213 2644 67.
1248 2600 1340 2633 Plin.
1368 2598 1433 2640 Ep.
1467 2597 1516 2637 ΙΙ,

117 2667 258 2710 -lapidis
279 2666 468 2709 specularis
505 2665 541 2695 in
566 2671 689 2695 tenues
710 2674 793 2694 cru-
856 2672 906 2705 17.
947 2659 1041 2702 Lips.
1080 2656 1125 2688 ad
1162 2656 1245 2691 Seu.
1278 2668 1332 2701 ep.
1371 2655 1448 2689 XC.
1484 2661 1518 2688 et

129 2733 196 2759 etas
219 2725 324 2768 secti,
362 2734 472 2767 quam
493 2721 655 2756 fenestris
681 2723 797 2764 inser-3
855 2716 898 2752 de
922 2715 1057 2764 prow'id,
1085 2726 1113 2748 c.
1138 2714 1170 2752 4.
