1686 3089
187 154 273 214 394
594 151 1180 196 COMMEN-TAmvs
1215 117 1229 127 ’

839 570 932 610 ΙΝ

359 680 1413 740 SATIRAMVII.

306 1094 322 1119 1
349 1093 430 1131 seq.
476 1070 785 1129 Argumentum
809 1079 967 1117 satirae
991 1079 1072 1117 iam
1095 1081 1238 1129 primis
1262 1082 1453 1119 versibus
1481 1094 1584 1119 con-

188 1149 357 1189 tinetur.
415 1146 482 1183 De
507 1159 586 1198 quo
613 1151 751 1183 autem
777 1147 953 1186 Caesare
981 1145 1022 1187 h,
1041 1146 1067 1182 l.
1091 1159 1225 1184 sermo
1260 1147 1334 1191 sit,
1375 1161 1458 1185 nou
1481 1161 1586 1186 eon-

189 1223 269 1255 stat
290 1216 397 1253 inter
434 1213 545 1251 viros
584 1213 738 1250 doctos.
821 1212 1000 1262 Quidam
1040 1214 1159 1251 innui
1191 1219 1340 1264 putant
1360 1214 1586 1263 Neronem,

187 1285 326 1338 plures
349 1281 654 1327 Domitianum,
684 1280 826 1326 (etiam
856 1286 974 1318 vetus
997 1278 1151 1328 Schol.,
1192 1281 1259 1332 qui
1285 1282 1590 1320 Domitianam,

188 1353 433 1405 plerumque
465 1349 671 1385 Neronem
701 1346 900 1399 appellat,
949 1353 995 1385 ut
1030 1354 1151 1399 poeta
1184 1348 1256 1394 IV,
1283 1349 1367 1392 38.)
1410 1349 1478 1386 alii
1506 1349 1585 1386 Ti-

190 1427 305 1466 tum,
342 1417 412 1454 alii
436 1415 638 1463 Nervam,
666 1413 736 1466 (cs.
761 1414 940 1454 Martial.
963 1415 1079 1463 VIII,
1107 1428 1170 1465 70.
1202 1415 1279 1463 IX,
1302 1427 1368 1465 27.
1402 1416 1498 1464 XII,
1525 1417 1587 1465 6.)

190 1487 378 1541 plerique
401 1490 535 1521 tamen
558 1482 713 1519 rectius
742 1483 809 1521 vel
839 1482 1105 1530 Hadrianum,
1136 1482 1196 1533 (v.
1227 1483 1427 1533 Spartian.
1455 1483 1584 1522 Hadr.

193 1568 227 1593 c.
243 1555 282 1595 3,
304 1558 344 1591 et
361 1551 447 1597 16.)
478 1550 546 1588 vel
571 1550 804 1598 Traianum,
836 1550 906 1603 qui
929 1548 1218 1588 bibliothecam
1238 1549 1405 1601 Ulpiam
1430 1552 1585 1588 struxit

194 1629 237 1660 et
255 1621 305 1659 de
327 1633 407 1672 quo
426 1616 583 1655 anlin.
598 1617 694 1654 Pan.
727 1631 760 1654 c.
785 1618 849 1666 47.
908 1618 1010 1668 Spes
1033 1615 1275 1662 studiorum,
1306 1619 1586 1668 praemiorum

191 1704 247 1729 ex
271 1689 320 1727 iis
345 1683 736 1737 consequendorum.
796 1687 905 1722 ratio
927 1684 1169 1740 stadiorum,
1198 1683 1237 1722 h.
1264 1699 1296 1723 e.
1320 1685 1440 1732 rat-io,
1461 1698 1586 1736 quare

192 1756 381 1796 homines
418 1767 459 1791 se
490 1751 640 1789 dedant
673 1752 810 1790 studio
847 1752 1072 1790 literarum.
1133 1754 1179 1790 in
1215 1753 1391 1790 Caesare
1426 1766 1480 1789 sc.
1509 1753 1587 1791 sita

193 1831 266 1865 est.
338 1823 563 1864 Camenas,
607 1820 747 1858 Musas
789 1819 1035 1872 literasque,
1096 1822 1255 1865 triste-5,
1310 1820 1512 1870 neglectas
1544 1827 1586 1858 et

195 1907 297 1946 quae
317 1890 441 1929 nullis
466 1888 658 1939 praemiis
681 1888 888 1926 foventur.
942 1890 1136 1939 respexit,
1167 1893 1296 1935 curat,
1321 1887 1492 1937 benigue
1517 1887 1586 1925 so-

194 1967 265 2000 vet
284 1960 422 1997 literas
439 1956 573 2000 solus,
608 1970 704 2008 quas
728 1956 878 2008 reliqui
901 1955 1077 1993 civitatis
1100 1969 1291 2006 proceres
1315 1954 1536 2004 negligunt.
1569 1960 1574 1966 '

310 2027 334 2064 3
363 2048 405 2055 —-
437 2036 502 2075 97.
551 2023 701 2061 Tristis
736 2032 955 2075 poetaram
993 2023 1174 2061 conditio
1218 2024 1299 2061 illis
1331 2023 1586 2073 temporibus

197 2094 475 2135 adumbratur.
533 2092 559 2129 4
585 2105 665 2142 seq.
695 2091 852 2128 Summi
878 2091 958 2128 iam
982 2096 1151 2141 poetae,
1179 2094 1420 2141 paupertme
1446 2090 1588 2138 coacti,

197 2162 355 2201 Romae
390 2167 431 2197 et
453 2159 494 2196 in
520 2158 609 2195 aliis
641 2157 782 2194 Italiae
808 2157 968 2208 oppidis
994 2171 1048 2194 ex
1070 2156 1245 2193 sordidis
1280 2156 1514 2193 ministeriis
1545 2163 1588 2194 et

195 2228 427 2274 balnearia,
456 2225 622 2278 piswria
638 2253 647 2271 ‚
677 2224 863 2262 surnaria
889 2225 1059 2275 aliisque
1080 2223 1258 2270 artibus,
1284 2222 1347 2259 his
1369 2223 1585 2268 similibus,

197 2311 294 2350 quas
330 2300 546 2340 exercent,
586 2292 742 2329 victum
776 2298 1068 2344 quaestumque
1098 2291 1174 2328 sibi
1214 2296 1424 2342 quaerunt.
1491 2292 1586 2328 hal-

199 2364 360 2403 neolam
395 2360 636 2398 diminutive
664 2358 815 2396 dicitur
838 2366 1005 2409 prop†er
1039 2372 1234 2396 summani
1271 2363 1502 2408 egestatem,
1544 2363 1588 2395 ct

199 2431 348 2468 Gabiis
377 2428 638 2474 contemtim,
669 2425 718 2463 de
741 2439 868 2477 parvo
893 2432 934 2463 et
958 2426 1118 2463 deserto
1151 2425 1322 2477 oppido,
1354 2430 1400 2461 ut
1423 2425 1494 2472 VI,
1520 2425 1584 2462 56.

188 2498 366 2549 sim-110⁸,
415 2502 461 2533 ut
496 2508 642 2547 panem
679 2500 901 2545 coquerent
938 2493 1209 2530 vendendum.
1284 2492 1519 2541 Grangaeus
1547 2497 1588 2529 et

202 2563 271 2601 alii
303 2569 491 2611 monent,
542 2563 599 2599 ila
627 2573 764 2613 propr.
803 2559 1001 2610 designari
1036 2573 1253 2611 pauperes,
1302 2557 1467 2596 adsidue
1506 2558 1586 2596 sri-

203 2636 383 2682 gcuteS‚¹
406 2629 456 2666 de
481 2630 626 2680 quibus
654 2628 775 2666 etiam
794 2628 1002 2678 proverbii
1023 2627 1114 2664 loco
1144 2627 1323 2672 dicatur,
1362 2639 1587 2677 numquam

204 2698 252 2736 de
283 2697 429 2736 balneo
459 2705 536 2735 αιιι·
553 2698 688 2749 fitrno
720 2694 980 2734 conducendo
1013 2696 1195 2747 cogitare
1208 2722 1221 2740 ,
1251 2692 1302 2733 ad
1327 2705 1446 2746 quam
1469 2703 1587 2735 men-f
