1686 3089
413 146 755 209 1N1VVEN.
805 145 941 187 SAT.
984 126 1058 188 'VL
1378 149 1466 212 519

72 261 252 319 eppone}
286 280 421 304 seram
452 267 598 304 ianuae
633 264 836 315 coniugiS,
875 263 935 312 (v.
967 262 1111 301 Heius.
1136 261 1186 300 ad
1212 262 1337 303 ovid.
1364 264 1458 304 Am.

68 335 144 382 ΙΙΙ,
172 335 234 382 14,
263 332 347 383 10.)
377 340 418 371 et
453 333 626 379 cohibe,
670 331 833 370 include
866 344 973 378 eam,
1016 330 1210 368 adhibitis
1235 331 1357 370 etiam
1379 346 1461 370 cu-

65 400 274 449 stodibus,
314 414 430 439 more
459 401 631 439 Graeco.
674 398 726 452 (v.
761 400 916 438 Potter.
947 396 1162 436 Archaeol.
1187 399 1262 442 IV,
1289 400 1372 450 13.)
1402 421 1461 432 ·—·

68 469 162 507 348.
186 470 222 506 8.
261 468 448 520 Lepidus
482 469 594 505 lusus
627 469 869 507 verborum:
920 465 1124 503 custodire
1163 468 1359 505 custodes.
1399 488 1460 501 -

72 536 127 573 αῖ)
164 536 252 573 illis
288 538 443 587 incipit
476 549 600 584 uxor,
650 535 836 573 custodes
866 533 932 573 vel
963 533 1138 584 pecunia
1178 547 1460 588 corrumpens,

68 603 137 641 vel
152 602 252 641 adeo
263 602 314 640 ad
324 603 588 640 concubitum
600 603 837 640 sollicitans.
849 598 886 623 ⁹3
938 601 1030 639 550.
1044 599 1310 641 Describitur
1320 604 1461 655 puella

63 683 164 721 vaga
186 677 227 707 ct
254 670 523 722 paupercula,
554 684 656 722 quae
673 670 856 721 pedihus
882 669 1002 707 nudis
1023 669 1179 708 incedit
1200 683 1277 720 per
1297 673 1460 709 silicem

65 746 219 786 atram,
268 735 308 774 h.
336 749 370 774 e.
407 737 562 788 plateas
585 736 807 774 lutulentas
836 737 951 774 silice
975 737 1142 786 stratas,
1170 743 1218 775 ut
1241 752 1305 790 ap.
1329 739 1455 792 Prop.

68 805 122 852 ΙΙ,
159 805 225 851 25,
265 805 326 842 15.
356 809 400 841 et
447 803 642 841 Prudent.
683 809 827 840 contra
877 804 1028 854 Symm.
1075 818 1114 842 v.
1152 805 1245 843 582.
1286 806 1456 845 Sllicem

71 880 209 910 atrum
234 871 284 909 ad
304 871 583 922 pavimentum
601 869 722 908 Rom.
746 884 799 907 ex
821 870 1054 922 liquefactis
1076 873 1280 912 montium
1303 874 1456 913 arden-

63 939 167 977 tium
188 938 468 977 eiectamentis
496 936 799 989 congelatisque
821 940 1091 990 compositum
1118 940 1251 978 refert
1287 940 1456 981 Wakef.

63 1006 115 1044 ad
146 1007 314 1044 Lucret.
349 1005 381 1055 I,
425 1005 519 1043 516.
548 1027 604 1035 -
662 1006 757 1046 351.
795 1006 1033 1057 Descriptio
1061 1014 1268 1045 matronae
1291 1009 1457 1059 nobilis,

62 1078 166 1125 'quae
197 1074 344 1112 lectica
376 1073 445 1111 vel
473 1071 571 1110 sella
593 1071 691 1111 vehi
723 1079 763 1110 et
788 1086 811 1110 a
832 1073 972 1124 Syris,
1004 1073 1045 1110 h.
1068 1088 1101 1111 e.
1124 1075 1275 1123 servis,
1305 1077 1457 1126 gestari

65 1140 237 1179 solebat.
351 1142 569 1192 longorum
592 1140 805 1190 Syrorum,
835 1154 874 1181 v.
899 1139 949 1178 ad
972 1140 1049 1189 III,
1073 1142 1168 1180 240.
1192 1148 1234 1180 et
1255 1143 1286 1191 I,
1314 1144 1378 1182 64.

181 1209 261 1247 352
287 1231 340 1239 ——
369 1208 463 1246 365.
535 1207 700 1245 Vitium
727 1207 838 1245 aliud
873 1207 1095 1246 mulierum
1115 1215 1303 1259 notatur,
1335 1210 1457 1263 quod,

64 1275 248 1328 quamvis
285 1288 509 1327 pauperes,
548 1281 686 1313 tamen
719 1274 939 1326 prodigae,
977 1275 1022 1313 in
1059 1275 1252 1317 libidines
1282 1280 1455 1330 potissi—

51 1334 196 1391 'nium‚
238 1349 281 1380 et
301 1343 538 1381 ambitiosae
569 1343 650 1379 sint
676 1341 859 1394 adeoque
891 1341 1038 1380 divites
1060 1344 1302 1397 nobilesque
1319 1346 1458 1385 videri

65 1411 244 1461 cupiant.
319 1410 383 1448 Cf.
417 1410 466 1448 ad
505 1411 581 1459 III,
618 1410 869 1448 180-185,
946 1411 1142 1448 conducit
1162 1421 1338 1459 vestem,
1378 1420 1457 1452 cet.

63 1478 116 1514 cs.
137 1479 233 1526 VII,
262 1479 349 1515 143.
374 1483 415 1515 ct
431 1477 483 1514 ad
502 1477 579 1525 III,
611 1478 698 1515 180.
726 1478 817 1515 181.
848 1472 929 1526 Md
951 1479 1165 1532 πρίασθαι
1181 1482 1461 1532 θεραπαίνας,

61 1541 164 1586 cisso}
197 1545 467 1596 μισθοῦσθαι
495 1546 554 1591 εἰς
587 1539 661 1590 τοῖς
691 1539 879 1594 ἐξόδους,
931 1545 1041 1597 apud
1082 1545 1293 1600 Theophr.
1333 1549 1455 1589 Char.

63 1614 207 1651 XXII.
238 1610 558 1664 αὐελευθερίας,
592 1612 908 1660 illiberalitatis,
942 1619 989 1650 ut
1009 1612 1048 1651 h.
1071 1614 1098 1651 l.
1129 1616 1300 1655 stolidae
1324 1618 1458 1656 ambi·—

63 1682 208 1730 tionis,
261 1681 460 1718 indicium
493 1686 564 1717 est.
634 1678 700 1717 Cf.
731 1680 790 1717 ibi
826 1678 995 1718 Casaub.
1031 1683 1102 1732 qui
1138 1683 1264 1721 etiam
1302 1690 1458 1733 monet,

62 1762 156 1785 raro
180 1749 276 1786 olim
301 1754 506 1786 matronas
531 1748 576 1784 in
600 1747 812 1797 publicum
835 1747 1037 1798 prodiisse
1058 1749 1138 1787 nisi
1160 1751 1328 1801 stipatas
1361 1765 1457 1802 gre—

59 1817 174 1866 gibus
201 1819 406 1860 comicum,
438 1815 689 1852 ancillarum.
802 1815 970 1859 sellam,
1000 1816 1046 1854 in
1071 1829 1150 1867 qua
1174 1815 1386 1855 deseratur
1409 1819 1456 1856 in

58 1883 270 1936 publicum
301 1889 342 1920 et
362 1882 572 1921 theatrum
593 1881 734 1932 ibique
755 1880 906 1918 sedeat.
936 1879 981 1904 94
1097 1884 1300 1929 Cervical,
1332 1899 1456 1938 προς-

0 1993 4 1996 ,
61 1947 307 2000 maestum),
336 1950 532 2002 pulvillus
547 1949 713 1996 sericus,
737 1948 1304 2002 quossbrachiumnegligenter
1317 1952 1457 1991 iacen—

63 2020 111 2056 tis
153 2018 331 2055 fulcitur.
400 2016 520 2054 Cous.
549 2017 599 2054 ad
628 2015 659 2065 Ι,
695 2017 759 2055 65.
798 2016 982 2055 Scheffer
1016 2017 1065 2055 de
1087 2031 1134 2057 re
1160 2016 1251 2057 veh.
1273 2019 1329 2063 II,
1357 2022 1392 2057 4.
1414 2035 1455 2073 p.

65 2088 127 2136 75.
146 2091 185 2122 et
199 2085 401 2135 Bottigeri
417 2084 564 2123 Sabina
574 2098 613 2135 p.
638 2084 730 2123 436.
753 2091 795 2122 et
817 2086 910 2123 455.
1007 2088 1183 2131 cemicas,
1209 2100 1306 2139 quas
1325 2087 1455 2125 leone—

61 2162 148 2191 stass
174 2154 345 2190 clientas
367 2152 475 2190 dixit
499 2152 645 2190 Horat.
674 2152 753 2190 Od.
774 2153 827 2201 ΙΙ,
851 2154 914 2201 18,
936 2154 972 2191 8.
997 2153 1072 2192 ubi
1091 2168 1131 2193 v.
1158 2156 1290 2207 intpp.
1357 2156 1452 2194 354.

62 2222 284 2260 Nutricem
296 2249 308 2266 ,
341 2226 388 2257 ut
417 2227 498 2258 tam
522 2219 635 2259 dives
656 2234 701 2258 ac
727 2221 890 2269 nobilis,
919 2233 1040 2273 quam
1064 2221 1243 2261 secunda
1263 2223 1454 2262 videatur

60 2295 202 2327 mater.
305 2289 487 2338 flavam,
516 2288 714 2339 pulcram.
740 2302 778 2327 v.
799 2287 848 2326 ad
873 2289 930 2333 V,
959 2289 1049 2328 115.
1152 2292 1341 2341 puellam
1372 2297 1450 2330 cet.

62 2369 165 2408 quae
188 2356 233 2394 in
259 2355 393 2393 Gloss.
416 2355 520 2393 abra
538 2361 580 2393 et
602 2358 741 2409 savea
766 2356 932 2395 dicitur.
1002 2358 1096 2396 335.
1120 2358 1156 2396 6.
1181 2357 1243 2396 Cf.
1271 2359 1450 2397 Martial.

109 2531 166 2576 95.
216 2531 271 2563 Cf.
299 2543 375 2574 sup.
401 2542 436 2564 v.
469 2532 549 2566 235.
573 2533 667 2577 Lips.
692 2542 727 2566 et
782 2534 828 2577 Π,
848 2533 880 2576 6,
894 2535 937 2580 37
958 2547 1032 2578 seq.
1051 2534 1173 2578 ibique
1192 2534 1383 2569 Broekhus.

66 2589 183 2621 cro...
218 2589 261 2620 aa
301 2590 383 2621 Tae.
424 2588 517 2623 Anu.
561 2581 642 2632 x1‚'
668 2589 724 2624 55.
827 2592 883 2638 94.
932 2593 988 2625 cf.
1010 2593 1055 2625 ad
1075 2595 1103 2635 1,
1135 2595 1188 2628 65.
1215 2595 1310 2638 Lips.
1332 2595 1445 2627 Eiet-r.

66 2645 171 2679 Ovid.
205 2646 326 2680 Amor.
356 2648 420 2688 111,
451 2649 484 2689 4,
527 2661 540 2682 1
572 2660 646 2691 seq.
690 2658 726 2682 et
781 2650 810 2691 Ι,
838 2660 888 2693 19.
912 2658 946 2681 et
962 2650 1186 2684 Wernsdorf.
1206 2654 1242 2683 in
1264 2650 1360 2682 Puer.
1390 2653 1446 2683 lut.

62 2704 136 2735 Art.
166 2703 246 2737 Am.
275 2706 344 2748 ΠΙ,
380 2704 596 2741 fni-658.
619 2704 723 2755 Prop.
780 2707 930 2740 min.T.
953 2707 998 2741 11.
1023 2719 1060 2751 p.
1090 2707 1152 2743 266
1175 2720 1247 2751 seq.
