1686 3089
470 175 548 221 IN
592 175 823 217 IVVEN.
874 173 1007 216 sAT.
1042 174 1118 216 IX.
1409 177 1494 222 525

104 292 162 333 ‘ad
186 294 283 338 VII,
307 294 564 345 ·158.)-puer
585 290 755 342 unic-ue,
785 305 952 340 servus,
990 292 1060 344 qui
1096 291 1198 330 mihi
1233 293 1377 332 unicus
1413 299 1491 340 est,

111 367 162 400 ut
185 361 439 414 Polyphemo
461 375 566 400 unus
591 361 674 399 suit
697 360 862 408 oculus,
885 375 965 412 per
991 358 1132 412 quem,
1170 368 1340 411 propter
1370 375 1495 413 quem

116 427 334 477 effossum,
372 431 467 482 quia
502 443 606 468 unus
644 429 746 476 suit,
799 428 958 478 Ulysses
988 428 1147 470 evasit,
1199 429 1349 479 quique
1383 430 1494 467 solus

109 494 215 533 mihi
234 497 330 534 satis
352 505 434 536 nou
458 504 542 541 est,
589 511 641 534 ne
662 497 706 533 in
728 495 961 533 discrimine
986 508 1127 532 rerum
1148 508 1328 532 mearum
1352 510 1496 535 verser

109 563 178 603 vel
189 569 250 600 tot
261 565 460 602 molestiis
472 578 645 616 premar,
670 561 1010 614 quemadmodum
1021 575 1126 599 unus
1144 563 1285 600 oculus
1299 576 1382 600 non
1403 565 1500 601 satis

110 629 195 668 suit
225 631 502 684 Polyphemo3
551 646 645 670 nam
672 631 712 668 si
755 630 856 668 duos
895 629 1128 674 habuisset,
1178 643 1260 667 non
1307 630 1501 669 evasisset

114 694 284 748 Ulysses
317 699 385 736 vel
418 700 525 751 ipse,
565 713 650 737 uno
682 704 793 736 certe
830 698 936 745 ictu,
975 704 1216 735 excoecatus
1252 704 1368 735 esset.
1435 698 1502 736 Ita

112 764 236 814 vulgo
256 772 434 804 mentem
457 773 602 818 poetae
621 767 810 815 capiunt3
852 764 923 812 sed
953 765 1108 802 rectius
1143 765 1252 803 sorte
1290 766 1336 803 F.
1365 765 1499 805 Didot

111 830 158 869 in
184 831 246 869 ed.
274 831 378 870 uach.
408 833 644 881 „Iuvenalis
676 833 836 879 innuit,
879 831 1053 870 Naevoli
1086 846 1226 880 servo,
1266 847 1388 885 quem
1424 833 1502 872 ha-

111 897 185 936 bet
203 899 370 937 unicum
385 929 396 949 ‚
426 915 513 938 esse
534 908 689 938 vestem
712 900 982 937 foraminibus
1012 899 1111 937 adeo
1136 900 1230 938 latis
1259 900 1503 949 distinctam,

112 971 162 1002 ut
181 980 257 1017 per
281 981 368 1005 eam
391 966 515 1005 homo
539 968 668 1019 possit
690 966 887 1015 evadere,
915 967 1047 1005 veluti
1067 981 1141 1018 per
1162 968 1326 1005 oculum
1351 967 1504 1019 Cyclo-

112 1033 198 1084 pis,
223 1048 343 1086 quem
367 1033 544 1073 habebat
571 1048 733 1086 quoque
755 1035 923 1072 unicum
939 1063 950 1083 ,
977 1035 1179 1086 potuisset
1201 1035 1369 1086 Ulysses
1402 1049 1504 1074 eva-

114 1099 238 1150 dere3
295 1102 400 1139 Gall.
437 1116 532 1139 mon
569 1103 724 1153 unique
755 1103 940 1146 esclave,
989 1104 1064 1154 qui
1095 1111 1156 1140 est
1187 1105 1225 1139 si
1273 1104 1360 1141 mal
1391 1104 1504 1148 νέίιι,

116 1172 246 1220 qu'an
285 1168 441 1206 lzomme
471 1171 669 1220 pourrait
690 1183 840 1220 passer
864 1167 891 1205 ὰ
914 1178 1071 1207 ίναιένε
1103 1171 1161 1208 les
1197 1179 1310 1208 trous
1345 1172 1393 1209 de
1430 1185 1507 1210 son

115 1233 254 1284 habit,
281 1251 431 1274 comme
457 1237 596 1286 Ulysse
617 1242 693 1274 cet.
767 1236 962 1274 Ceterum
988 1235 1086 1274 haec
1112 1241 1374 1290 comparatio,
1403 1253 1508 1292 quae

114 1303 234 1340 nobis
261 1303 361 1341 adeo
384 1303 559 1341 ridicula
580 1303 768 1352 videtur,
798 1303 882 1341 suit
903 1303 1013 1342 sorte
1040 1304 1196 1343 locutio
1232 1309 1508 1357 proverbialis

115 1367 181 1407 his
208 1371 459 1422 temporibus
483 1371 666 1408 usitata.“
699 1386 702 1390 ’
737 1371 995 1409 crediderim
1019 1377 1175 1420 tamen,
1213 1388 1391 1424 pueram
1414 1374 1454 1413 h.
1478 1376 1506 1414 l.

119 1450 207 1474 esse
229 1438 464 1475 catamitum
480 1468 489 1486 ,
520 1439 591 1490 qui
609 1441 732 1489 pusio
757 1438 910 1475 dicitur
934 1438 1007 1485 VI,
1027 1439 1081 1476 34
1103 1452 1183 1491 seq.
1244 1441 1311 1479 Sic
1346 1456 1512 1495 quoque

119 1503 272 1543 drauco
308 1504 452 1542 melius
495 1506 748 1543 conveniunt
779 1506 906 1543 verba
939 1519 1022 1557 seq.
1047 1507 1169 1544 Alter
1206 1510 1400 1546 emendus
1433 1514 1514 1549 θνίέ

117 1583 248 1623 puer,
285 1585 463 1623 namque
494 1571 564 1610 hic
584 1574 729 1610 unicus
762 1587 845 1611 non
872 1574 1028 1624 szffeit
1040 1601 1053 1618 ‚
1084 1588 1165 1612 non
1187 1576 1388 1615 satisfacit
1410 1578 1512 1617 libi-

119 1638 207 1677 dini
245 1653 370 1678 meae.
447 1640 636 1678 Lubinus
658 1647 830 1688 'monet‚
881 1640 932 1677 de
970 1640 1175 1680 industria
1206 1642 1247 1681 h.
1274 1644 1300 1681 l.
1333 1651 1374 1683 et
1397 1646 1510 1685 infra

120 1707 336 1758 aliquoties
367 1707 578 1751 Naevolo‚
623 1714 670 1744 ut
705 1708 845 1759 bipedi
887 1707 1011 1744 asello
1047 1714 1089 1746 et
1121 1709 1269 1748 stolido
1301 1713 1513 1762 nebuloni,

119 1773 421 1824 ineptissimum
444 1773 574 1812 tribui
596 1788 847 1822 sermonem,
878 1780 924 1811 ut
953 1774 1152 1813 stoliditas
1178 1791 1223 1814 ac
1249 1783 1395 1830 stupor
1414 1794 1512 1820 cum

120 1840 272 1891 insigni
301 1840 558 1892 turpitudine
582 1841 824 1878 coniunctus
847 1841 890 1878 in
913 1855 962 1878 eo
985 1843 1253 1893 exprimatur.
1309 1845 1515 1897 Rigaltius

124 1921 224 1946 vero
254 1909 298 1946 in
323 1907 431 1946 Diss.
455 1907 506 1946 de
535 1908 614 1945 Sat.
641 1909 781 1946 Iuven.
808 1908 1114 1960 suspicabatur,
1145 1918 1327 1962 poetam,
1357 1912 1515 1967 hyper-

124 1976 238 2014 boles
256 1976 507 2027 Virgilianae
535 1972 653 2029 (Aen.
677 1976 751 2024 III,
775 1975 867 2014 636.
896 1975 1012 2026 637.)
1041 1979 1268 2029 carpendae
1288 1982 1516 2022 mendacii-

127 2057 206 2095 que
240 2043 390 2095 poetici
431 2042 641 2081 rhetorico
672 2043 884 2081 mendacio
923 2046 1229 2096 repercutiendi
1269 2062 1407 2098 causa,
1448 2050 1516 2089 di·-

125 2112 251 2161 xisse,
279 2110 379 2149 adeo
406 2111 538 2149 latam
561 2117 602 2148 et
623 2111 793 2162 amplam
816 2111 944 2149 fuisse
967 2112 1076 2149 oculi
1095 2112 1340 2165 Polyphemi
1364 2119 1514 2164 aciem,

125 2185 174 2217 ut
191 2194 270 2230 per
293 2192 378 2216 eam
400 2178 569 2229 Ulysses
592 2179 778 2216 evaserit.
837 2178 1032 2217 Ceterum
1056 2181 1269 2219 notissima
1290 2188 1351 2221 est
1375 2184 1516 2225 fabula

127 2247 179 2285 de
207 2245 462 2298 Polyphemo
489 2246 670 2298 Cyclope
693 2253 735 2284 et
760 2245 933 2297 Ulysse,
965 2248 1035 2299 qui
1057 2248 1129 2285 illo
1154 2259 1372 2289 excaecato
1394 2253 1514 2291 inco-

126 2314 248 2352 lumis
285 2327 378 2351 cum
419 2313 539 2351 sociis
573 2315 727 2360 evasit,
771 2327 824 2351 ex
853 2315 975 2352 Hom.
1013 2315 1159 2366 Odyss.
1195 2317 1227 2365 l,
1268 2320 1518 2361 182—542.

127 2381 273 2432 Eurip.
304 2379 442 2431 Cycl.‚
483 2382 598 2433 Virg.
636 2381 738 2419 Aen.
766 2382 841 2430 ΙΙΙ,
874 2382 1126 2434 613—691.
1171 2384 1262 2432 <ubi
1285 2399 1323 2424 v.
1344 2387 1517 2439 Heyne)

130 2454 172 2486 et
185 2448 233 2484 al.
278 2447 344 2484 De
367 2447 615 2499 Cyclopibus
638 2446 958 2502 μονοφθάλμοις
982 2464 1019 2488 v.
1040 2450 1190 2501 Heyne
1203 2451 1253 2489 ad
1265 2453 1454 2504 Apollod.
1485 2457 1518 2506 I,

138 2530 170 2564 ι,
211 2528 244 2554 ¹..
280 2521 323 2552 et
353 2515 404 2552 de
435 2515 593 2565 ingenti
625 2517 743 2554 oculo
778 2516 1025 2568 Polyphemi
1057 2517 1166 2555 idem
1193 2518 1243 2555 ad
1276 2521 1390 2570 Virg.
1412 2523 1517 2563 Aen.

132 2583 206 2630 III,
231 2582 321 2620 636.
352 2581 444 2631 637.
557 2586 707 2621 unicas
729 2583 769 2621 h.
791 2598 823 2622 e.
848 2585 917 2634 qui
937 2583 1101 2622 domino
1128 2598 1201 2624 suo
1223 2588 1368 2626 unicus
1392 2598 1452 2629 est
1476 2599 1518 2631 et

136 2651 256 2688 solus.
370 2649 436 2690 65.
466 2651 577 2687 acies
587 2677 601 2694 ,
631 2652 784 2689 oculus.
841 2650 1009 2702 Ulysscs
1028 2650 1066 2688 h.
1098 2652 1124 2690 l.
1149 2659 1205 2690 et·
1225 2654 1347 2694 Ovid.
1383 2671 1438 2696 ex
1471 2659 1516 2698 P.

134 2718 218 2766 IV,·
238 2716 302 2767 14,
329 2717 395 2756 55.
423 2718 563 2756 sollers
583 2717 757 2777 dicitur,
785 2724 834 2757 ut
855 2719 942 2756 aliis
962 2719 1091 2772 poetis
1115 2731 1300 2761 versutus
1310 2750 1327 2771 ,
1354 2725 1517 2777 fallax,
