1686 3089
191 173 272 218 658
588 169 1180 213 COMMENTARIVS

190 286 366 325 Theocr.
402 286 477 336 ΙΙΙ,
508 283 574 338 5.)
615 287 760 325 deinde
799 284 1031 337 splendere,
1081 286 1270 337 quoniam
1304 286 1464 325 lucidae
1503 301 1571 326 res

188 355 352 394 vibrant
389 362 427 393 et
462 354 648 406 quatiunt
676 368 729 392 ex
761 367 803 391 se
836 353 1008 403 fulgoris
1034 352 1182 390 radios.
1241 353 1303 391 Cf.
1325 354 1490 392 Lucret.
1517 355 1571 403 ΙΙ,

187 421 282 460 320.
308 422 446 473 ibique
466 421 630 460 WVakef.
660 422 787 457 Vetus
815 417 948 457 Schol.
976 427 1137 467 „movet
1163 420 1271 457 sicut
1299 421 1443 470 telum,
1464 421 1572 473 quod

186 492 416 527 coruscat.“
442 510 497 517 —
557 500 591 537 7.
623 495 808 524 maturus
832 487 996 536 templis
1020 496 1059 524 et
1099 501 1228 531 arae,
1272 488 1351 525 aris
1391 489 1570 540 templo-

186 568 302 605 rum3
340 558 420 594 iam
443 556 539 593 satis
579 553 752 604 grandiS‚
780 559 825 591 ut
844 553 1102 591 sacrificetur.
1161 553 1225 591 Cs.
1255 555 1366 602 VIII,
1397 556 1486 606 169.
1513 576 1570 584 —-

190 625 227 662 8.
257 623 525 674 Spcogenclus
573 636 705 658 mero:
748 634 840 657 nam
866 621 1174 658 consecrabatur
1209 621 1374 659 victima
1401 623 1497 660 vino
1525 623 1571 661 in

188 696 332 741 caput,
371 690 484 727 inter
512 701 685 736 cornua,
726 685 791 740 (ut
822 701 883 738 ap.
908 688 1024 738 Virg.
1047 687 1148 725 Aen.
1174 689 1246 736 IV,
1274 689 1362 737 61.)
1386 690 1511 727 libato
1538 704 1567 729 s.

181 758 332 796 infuso.
355 771 532 800 merum,
561 761 609 792 ut
631 769 692 806 ap.
717 754 840 792 Ovid.
864 756 964 792 Met.
990 755 1084 803 VH,
1116 756 1209 794 584.
1226 756 1382 806 fundit
1414 772 1569 809 purum,

185 827 293 863 inter
327 838 482 861 cornua
517 825 674 860 vinum.
706 845 758 853 --
817 835 852 873 9.
893 824 1055 860 Ducere
1086 822 1212 859 ubera
1260 825 1404 861 matris
1449 837 1569 875 quem

174 893 332 944 pudet,
383 896 431 927 ut
466 898 593 927 matre
631 890 779 926 relicta
819 902 879 940 ap.
910 889 1052 926 Horat.
1090 888 1168 926 Od.
1208 889 1282 937 IV,
1318 902 1356 933 2,
1395 891 1460 927 54.
1495 889 1568 927 sed

178 966 331 1011 quanto
354 956 560 995 venustius
584 955 708 991 illud!
740 976 795 982 -—
831 965 951 993 vexat
978 959 1170 994 nascenti
1193 957 1358 1001 robora,
1390 957 1566 1002 arbores,

179 1040 326 1072 cornu,
354 1030 401 1062 ut
422 1037 483 1074 ap.
507 1022 622 1071 Virg.
649 1020 724 1058 Ge.
750 1022 828 1070 ΠΙ,
853 1024 945 1060 232.
973 1024 1066 1060 233.

293 1106 342 1132 10
372 1106 452 1142 seq.
509 1089 600 1126 Hoc
646 1089 826 1126 suaviter
862 1088 1066 1126 adiectum
1098 1095 1138 1127 et
1172 1091 1312 1127 sensui
1365 1091 1566 1128 amicitiae

174 1161 479 1199 convenienter.
537 1157 645 1194 Vota
668 1161 803 1193 autem
828 1161 870 1194 et
897 1156 1095 1194 sacrificia
1129 1157 1390 1195 facultatibus
1423 1157 1566 1194 cuius-

167 1242 255 1280 -que
282 1223 604 1277 respondebant:
647 1228 687 1260 at
717 1223 792 1260 Dii
821 1236 905 1261 non
937 1223 1017 1261 nisi
1046 1238 1197 1276 purum
1232 1225 1335 1273 eim,
1366 1224 1434 1276 qui
1459 1223 1565 1261 dona

175 1295 312 1340 offert,
354 1293 534 1329 animum
566 1289 806 1342 respiciunt.
864 1289 929 1328 Cs.
952 1291 1096 1330 Horat.
1119 1291 1197 1330 Od.
1225 1293 1275 1341 ΙΙ,
1306 1304 1366 1342 17,
1395 1293 1450 1330 30
1479 1305 1562 1343 seq.

173 1362 250 1409 III,
273 1362 338 1409 23,
368 1371 535 1412 9—20.
565 1359 639 1406 IV,
666 1371 706 1401 2,
738 1358 788 1395 53
811 1371 892 1409 seq.
993 1373 1056 1396 res
1082 1359 1308 1397 familiaris.
1391 1360 1557 1402 similis,

171 1442 270 1480 par,
301 1427 539 1479 affec-tibus,
569 1425 783 1472 voluntati,
811 1423 1024 1475 cupiditati
1048 1427 1116 1464 vel
1139 1426 1301 1464 affectui
1327 1427 1489 1464 amoris.
1507 1447 1560 1456 —

177 1509 238 1534 11.
269 1495 483 1545 Pitzgzcior
501 1492 731 1541 Hispulla,
761 1491 905 1528 facete.
964 1492 1028 1529 Cf.
1058 1494 1154 1531 Var.
1177 1493 1294 1530 Lect.
1331 1499 1372 1530 et
1404 1493 1453 1529 ad
1482 1492 1552 1539 VI,

174 1565 239 1613 74.
266 1561 520 1603 traheretur,
562 1572 615 1595 sc.
644 1558 824 1606 funibus,
848 1564 893 1595 ut
925 1558 1068 1596 ducere
1096 1571 1133 1596 v.
1158 1561 1194 1596 5.
1225 1579 1282 1590 -ο
1339 1571 1401 1598 12.
1430 1560 1556 1606 Molx,

171 1627 432 1683 pinguedine.
531 1626 728 1673 finitima
752 1627 798 1661 in
819 1625 971 1668 herba,
1013 1625 1058 1663 in
1088 1626 1247 1676 pascuis
1272 1625 1426 1664 Romae
1451 1625 1558 1663 vici-

170 1698 256 1744 nis,
284 1695 393 1733 sorte
413 1699 459 1730 ut
482 1707 544 1743 ap.
570 1692 716 1729 Horat.
743 1691 821 1728 Od.
850 1692 925 1739 ΙΙΙ,
958 1693 1023 1740 23,
1056 1704 1115 1731 11.
1141 1692 1321 1730 Albanis
1341 1694 1385 1729 in
1405 1692 1554 1737 herbis.

169 1767 213 1803 in
232 1761 390 1815 pascuis
414 1760 532 1797 laetis
554 1759 663 1796 circa
685 1758 831 1796 Albam
848 1759 1045 1810 Longam.
1071 1780 1128 1789 —
1218 1760 1276 1797 13.
1308 1760 1553 1802 Clitumnus,

166 1831 363 1869 Umbriae
396 1827 689 1878 Cisapenninae
725 1825 895 1874 fluvius,
947 1825 1080 1878 (nunc
1123 1828 1292 1872 Timz'a)
1336 1826 1406 1878 qui
1439 1828 1554 1864 iuxta

166 1897 400 1938 Mevaniam
429 1891 542 1947 (hod.
569 1895 833 1945 Bevczgnam)
868 1895 1016 1930 Tiniae
1045 1893 1084 1930 ss.
1110 1895 1314 1944 (Topino)
1344 1893 1551 1937 miscetur,

166 1972 208 2004 et
229 1966 343 2002 cuius
367 1975 492 2014 aquae
515 1975 562 1999 ea
583 1962 645 1998 vis
667 1961 802 1998 inesse
823 1961 1061 2011 putabatur,
1089 1965 1136 1996 ut
1157 1959 1328 1997 candida
1355 1960 1550 1998 redderet

165 2037 369 2078 armenta,
408 2041 581 2081 quorum
617 2041 759 2077 magna
793 2027 851 2065 ibi
882 2028 926 2065 in
959 2029 1082 2065 laetis
1111 2029 1285 2078 pascuis
1311 2027 1430 2078 copia
1451 2033 1550 2074 erat,

163 2099 273 2137 unde
294 2097 422 2136 multa
445 2096 620 2133 Romam
646 2094 977 2139 adducebantur,
1006 2101 1051 2132 ut
1074 2094 1119 2132 in
1141 2094 1374 2132 solennibus
1397 2101 1550 2132 macta-

161 2174 306 2206 rentur
334 2163 555 2202 sacrificiis.
585 2160 608 2184 4
676 2162 749 2199 sed
778 2163 894 2199 cuius
933 2165 1132 2214 sanguis,
1185 2161 1397 2199 ostendens
1437 2162 1550 2199 laeta

163 2235 364 2273 Clitumni
382 2244 571 2282 pascua,
603 2231 703 2274 iret,
735 2236 945 2274 manaret,
985 2228 1336 2280 profunderetur,
1377 2233 1419 2265 ct
1452 2228 1547 2279 qui-

161 2302 253 2340 dem
282 2299 436 2350 ingenti
457 2298 615 2349 impetu
637 2310 681 2334 ac
700 2296 764 2344 vi,
807 2310 885 2348 qua
920 2297 1122 2345 ostendit,
1160 2302 1321 2333 ‘taurum
1350 2296 1546 2347 pinguem

160 2382 246 2406 esse
283 2372 323 2405 et
357 2367 400 2403 in
433 2366 581 2413 laetis,
631 2363 797 2415 opium,
843 2365 1016 2413 pascuis
1054 2363 1270 2400 nutritum.
1342 2362 1408 2400 Cf.
1443 2363 1542 2400 Var.

157 2436 273 2474 Lect.
393 2433 453 2470 14.
482 2447 509 2469 a
543 2431 703 2483 grandi
750 2444 796 2467 ac
836 2431 1003 2468 robusto
1042 2432 1230 2467 ministro
1272 2428 1543 2478 sacerdotum,

156 2515 285 2554 popa,
315 2500 385 2552 qui
406 2499 648 2551 plerumque
672 2498 862 2536 robustus
886 2503 947 2535 est
967 2503 1008 2535 et
1033 2498 1200 2546 obesus,
1235 2497 1413 2535 victimis
1434 2496 1542 2547 sagi-

201 2600 234 2632 4,
260 2611 291 2631 v.
324 2599 435 2640 intpp.
460 2597 552 2629 Plin.
572 2597 637 2640 Ep.
669 2596 767 2637 VIII,
785 2597 816 2629 8.
875 2596 936 2636 VI,
971 2594 1035 2628 506
1060 2607 1129 2639 seq.
1179 2595 1340 2643 Oberlin.
1379 2594 1423 2626 ad
1456 2593 1538 2627 Vib.

155 2657 254 2700 Virg.
283 2654 349 2687 Ge.
375 2655 424 2693 ΙΙ,
459 2654 519 2685 146
543 2666 615 2695 seq.
640 2656 743 2698 Prop.
774 2654 816 2695 11,
874 2653 979 2695 Sequ.
998 2666 1033 2696 p.
1059 2664 1115 2685 101
1135 2664 1204 2695 seq.
1232 2663 1294 2686 221
1310 2663 1381 2694 seq.
1405 2652 1537 2695 Kcyss-

158 2726 207 2758 ¹9²
242 2711 297 2746 25.
330 2709 386 2746 26.
422 2709 546 2742 Claud.
583 2712 686 2744 Cous.
723 2712 814 2744 llou.
871 2711 938 2743 leri
960 2712 1120 2744 ltlucrar.
1139 2721 1176 2752 p.
1197 2708 1276 2750 887.
1294 2709 1348 2743 ed.
1365 2721 1419 2753 pr.
