1686 3089
480 143 825 191 INIVVEN.
856 140 994 186 SAT.
1027 142 1100 191 XI.
1410 144 1492 187 635

99 259 280 300 innuit.“
315 258 379 297 Cf.
404 260 502 298 Var.
528 260 644 299 Lect.
675 283 728 291 —
786 260 878 300 203.
904 257 1036 296 Nobis
1057 259 1137 296 iam
1161 258 1324 297 senibus
1346 259 1494 311 aptior,

101 328 253 378 grauior
275 327 497 379 utiliorque
525 335 590 365 est
615 328 808 380 apricatio
833 341 862 364 s.
885 325 1100 374 imolano,
1131 320 1302 375 ἦλίωσις
1323 340 1352 364 s.
1376 322 1492 375 ἥλω-

106 397 217 437 212?oe-
275 393 334 431 Ea
363 395 460 432 olim
485 395 527 433 in
548 409 623 433 usu
649 401 735 432 erat
757 401 799 432 et
822 396 958 440 varia,
990 399 1038 430 ut
1063 399 1150 431 tum
1178 395 1342 445 corpori
1366 394 1490 432 sicci-

99 468 172 505 tas,
204 467 290 499 tum
312 462 396 498 cuti
421 462 535 499 color
554 463 691 500 fuscus
724 468 764 499 et
788 468 879 513 post
902 460 1139 499 unctionem
1165 461 1274 497 nitor
1296 461 1491 499 concilia-

99 535 228 566 retur.
267 542 302 564 v.
336 527 439 566 Plin.
478 529 531 566 H.
553 529 605 567 N.
632 530 754 578 XXI,
785 531 845 568 14.
868 529 972 568 Plin.
998 529 1074 581 Ep.
1094 527 1167 577 III,
1197 540 1230 566 1.
1253 527 1411 578 Koenig
1439 527 1491 566 ad

98 595 212 635 Pers.
235 597 309 644 IV,
344 598 404 633 18.
434 596 498 633 33.
528 597 580 645 V,
609 609 695 649 179.
754 598 911 635 IVostra
937 597 1146 640 cuticula,
1188 595 1270 633 iam
1291 595 1428 631 vetula
1454 601 1496 632 et

100 662 145 701 in
177 677 296 713 rugas
331 670 547 701 eontracta
582 664 756 716 oleoque
793 665 983 713 inuncta,
1025 664 1141 701 bibat
1170 676 1340 700 vernum
1358 662 1495 705 solem,

99 731 271 768 imbibat
297 730 383 768 eius
406 729 595 768 ardorem
623 745 752 782 eoque
778 731 963 781 calefiat3
993 737 1038 768 ut
1062 744 1123 782 ap.
1149 729 1326 767 Martial.
1350 729 1405 777 X,
1434 741 1495 768 12.

100 806 205 835 totos
239 798 369 835 avida
403 806 493 834 cute
517 799 697 836 combibe
723 798 851 847 soles,
897 807 938 838 et
960 813 1021 851 ap.
1042 799 1155 836 Pers.
1180 798 1254 846 IV,
1282 797 1343 835 18.
1376 796 1497 834 adsi-

101 865 182 902 duo
209 873 355 902 curata
376 865 563 902 cuticula
598 866 691 902 sole.
723 885 776 894 —-
834 880 1002 904 vernam
1036 866 1184 904 solem.-
1226 877 1318 902 nam
1351 863 1498 913 Mega-

100 931 233 969 lenses
259 931 347 968 ludi
373 930 480 982 prid.
503 932 610 969 Non.
639 932 738 983 Apr.
762 932 996 982 agebantur.
1018 946 1057 970 v.
1083 932 1133 970 ad
1156 931 1229 978 VI,
1249 932 1313 982 69.
1400 931 1498 969 204.

100 998 241 1036 Verba
273 998 451 1050 effitgiat
487 1007 628 1050 togam
663 998 825 1051 quidam
859 1007 1096 1052 exponunt,
1138 1005 1263 1036 exuat
1285 1005 1419 1048 togam
1445 997 1497 1035 ad

102 1065 388 1103 insolationem
410 1071 453 1102 et
477 1065 641 1114 balnea3
672 1065 743 1102 alii
764 1065 896 1116 fugiat
916 1079 1031 1104 curas
1059 1071 1101 1103 et
1137 1066 1302 1115 negotia
1337 1071 1499 1116 togato-—

101 1145 216 1180 rum,
261 1130 299 1169 h.
339 1146 373 1170 e.
409 1131 623 1171 hominum
655 1133 902 1171 tenuiorum.
933 1147 971 1172 v.
998 1123 1049 1171 ed
1085 1133 1118 1182 I,
1146 1132 1212 1185 96.
1237 1133 1304 1171 An
1331 1132 1380 1170 dc
1406 1138 1500 1185 toga

103 1200 368 1237 meretricum
387 1200 581 1251 cogitavit
607 1199 761 1252 poeta?
793 1213 831 1237 v.
852 1200 902 1237 ad
925 1200 979 1249 II,
1009 1213 1071 1250 70.

216 1268 296 1306 204
324 1281 406 1318 seq.
465 1268 557 1305 Iam
600 1271 710 1304 nunc
723 1294 736 1311 ,
785 1269 968 1319 quamvis
998 1265 1178 1306 nondum
1221 1272 1384 1314 octava,
1426 1266 1501 1306 secl

106 1334 248 1386 quinta
270 1339 432 1371 tantum
455 1333 536 1371 diei
558 1333 660 1372 hora
679 1334 744 1380 sit,
773 1336 894 1372 salva
912 1335 1072 1387 fronte,
1103 1349 1185 1373 non
1203 1335 1309 1372 laese
1323 1334 1500 1386 pudore,

104 1403 154 1439 in
177 1402 369 1453 balneam
391 1399 452 1438 ire
478 1401 654 1451 poteris,
680 1399 718 1439 h.
748 1415 780 1439 e.
804 1415 884 1440 non
911 1408 1033 1454 turpe
1056 1403 1136 1440 erit
1156 1402 1284 1441 lavari
1298 1408 1338 1439 et
1349 1400 1505 1441 deinde

106 1473 224 1506 sexta
247 1467 353 1506 hora
370 1466 421 1505 ad
444 1481 612 1506 coenam
636 1468 800 1506 venire:
831 1483 924 1507 nam
948 1469 1053 1507 sesto
1079 1470 1268 1521 laetoque
1302 1468 1368 1505 die
1397 1482 1503 1507 con-

105 1536 219 1574 vivia
249 1535 496 1587 tempestiva
524 1548 608 1574 non
635 1541 732 1574 sunt
762 1537 898 1588 turpia
931 1542 973 1575 et
1010 1535 1235 1575 inhonesta.
1306 1535 1370 1574 Cs.
1392 1536 1443 1574 ad
1467 1536 1502 1587 I,

107 1603 173 1655 49,
198 1609 240 1640 et
264 1604 336 1650 Vl,
368 1603 448 1640 418
472 1616 555 1655 seq.
581 1609 620 1642 et
642 1604 756 1656 Lips.
778 1603 882 1642 Exc.
908 1603 958 1642 ad
982 1604 1079 1642 Tac.
1098 1605 1205 1643 Anu.
1232 1603 1351 1652 XIV,
1374 1616 1414 1641 2.
1447 1624 1504 1632 ——

107 1672 202 1711 205.
232 1671 365 1708 Frons
396 1683 474 1721 pro
495 1669 682 1721 pudore,
713 1672 831 1709 cuius
854 1671 968 1709 sedes
990 1678 1053 1709 est
1077 1673 1121 1709 in
1144 1686 1212 1720 ca3
1237 1678 1287 1709 ut
1306 1685 1366 1723 ap.
1389 1672 1502 1710 Pers.

108 1738 161 1786 V,
186 1738 273 1776 104.
299 1737 346 1774 al.
403 1736 514 1774 Male
532 1736 602 1774 alii
614 1738 802 1789 frontem
829 1740 993 1777 salvam.
1017 1745 1167 1790 putant
1191 1752 1278 1776 csse
1301 1752 1505 1791 exporre-

110 1810 219 1842 ctam
260 1804 369 1841 curis
399 1803 587 1841 omnibus
619 1803 829 1856 depositis.
943 1805 1038 1847 206.
1073 1807 1225 1844 Facere
1246 1805 1346 1854 hoc,
1383 1808 1503 1856 genio

112 1874 276 1924 otioque
307 1870 532 1922 indulgere.
643 1884 737 1922 207.
775 1875 903 1920 talis,
943 1873 1200 1924 voluptariae
1246 1879 1288 1911 et
1333 1874 1502 1912 otiosae.

111 1941 204 1979 208.
233 1939 370 1977 Nulla
403 1945 465 1977 est
500 1938 717 1991 νοίιιριαε,
747 1956 853 1993 quae
886 1955 970 1980 non
999 1941 1254 1979 adsiduitate
1275 1942 1343 1978 sai
1366 1941 1504 1992 sasti-

111 2007 230 2046 dium
245 2007 395 2057 pariat
420 2005 526 2044 Plin.
553 2006 651 2054 XII,
680 2020 741 2058 17.
782 2003 840 2050 To*
868 2004 948 2063 7029
978 2004 1079 2058 ἦδῦ,
1106 2004 1179 2050 ἒοῖν
1202 2003 1328 2057 πολι),
1371 2005 1421 2050 οὕ
1461 2009 1503 2050 τί

111 2089 158 2128 γε
185 2069 275 2124 ἡδύ.
335 2072 399 2110 Cf.
422 2073 546 2113 etiam
570 2073 663 2112 Sen.
689 2074 740 2113 de
760 2077 831 2115 vit.
856 2078 977 2116 beata
1001 2091 1035 2116 c.
1059 2089 1095 2129 7.
1110 2076 1295 2116 Macrob.
1305 2075 1386 2114 Sat.
1411 2074 1503 2122 VII,

116 2155 153 2192 7.
173 2147 216 2182 et
234 2142 341 2195 inpr.
369 2138 454 2181 Cic.
479 2141 530 2182 de
550 2141 731 2182 Oratore
746 2144 826 2196 ΙΙΙ,
842 2145 910 2185 25.

684 2322 939 2337 --w
