1686 3089
496 166 573 210 1N
617 166 846 208 IVVEN.
899 165 1038 207 SAT.
1087 167 1119 207 1,
1445 166 1502 221 57

106 284 244 337 nigra,
280 288 492 324 utcontra
526 284 675 324 Graeci
708 284 754 322 in
775 283 874 322 albis
903 283 1086 321 vestibus
1124 281 1219 320 elati
1251 285 1357 327 sint,
1393 289 1499 322 teste

102 350 306 390 Artemid.
341 351 395 401 II,
432 365 471 391 2.
606 354 692 390 Per
713 353 912 405 samam,
964 365 1017 389 ne
1046 351 1148 388 clam
1186 349 1374 402 quidem,
1425 350 1500 389 sed

101 419 237 471 palam
250 449 262 468 ‚
302 419 410 458 fama
430 420 490 458 rei
512 420 685 469 vulgata.
793 435 873 471 per
895 420 1069 471 samam
1088 426 1126 455 et
1143 417 1373 468 populum,
1421 431 1497 467 per

103 486 334 526 consertam
355 486 664 526 multitudinem
684 487 849 539 populi,
892 485 942 524 de
961 485 1050 533 ghoc
1080 485 1238 524 scelere
1275 495 1321 522 ac
1348 484 1497 522 sunere

101 553 417 595 confabulantis.
448 551 486 577 30

241 645 304 693 73.
335 645 400 693 74.
456 643 589 697 Poeta·
612 644 748 682 animo
785 650 1011 682 commoms
1040 650 1080 681 et
1107 642 1386 695 indignatione
1424 642 1495 680 in-

101 722 246 747 census
287 711 444 750 civibus
487 712 569 749 suis
609 712 825 750 consilium
875 711 966 759 dat,
1020 710 1371 749 accommodatum
1401 722 1495 747 mo-

97 777 213 816 ribus
264 777 374 816 illius
427 779 517 818 aevi
562 792 607 816 ac
665 779 852 818 civitatis.
925 778 990 817 Cf.
1043 779 1150 819 Plin.
1204 778 1281 829 Ep.
1321 776 1375 825 II,
1425 788 1493 816 20.

100 851 208 882 extr.
235 850 277 882 et
297 845 372 884 ins.
396 847 471 895 VI,
496 847 574 895 557
589 868 644 876 —
659 847 752 885 564.
867 847 1024 897 Gyaros
1040 873 1054 890 ,
1093 845 1256 896 Gyarus
1289 859 1318 882 s.
1354 844 1493 895 Gyara

97 917 141 949 et
165 913 317 963 Gyari,
349 913 482 952 brevis
502 914 644 962 insula,
674 913 713 951 h.
740 928 773 951 e.
797 927 943 966 parva,
969 927 1070 965 quae
1093 919 1135 950 et
1165 912 1247 950 suit
1271 911 1491 950 admodum

97 980 272 1028 sterilis,
320 980 511 1030 immitis,
570 982 657 1019 sine
693 982 808 1019 cultu
840 980 1077 1028 hominum,
1130 993 1256 1030 egena
1290 992 1415 1031 aquae
1447 992 1495 1015 a-

92 1048 377 1100 sperrimaque
396 1049 487 1088 sere
509 1049 734 1087 insularum
750 1048 972 1100 Cycladum
994 1048 1036 1085 iu
1058 1047 1160 1085 mari
1174 1047 1347 1097 Aegaeo,
1376 1043 1493 1092 (hod.

98 1116 267 1154 Calairo
306 1131 336 1154 s.
374 1117 585 1164 Caloiera,
635 1116 703 1154 vel
736 1116 874 1166 potius
911 1116 1036 1159 Iura,
1084 1116 1193 1152 inter
1225 1113 1413 1151 Andrum
1451 1118 1495 1150 ct

96 1180 221 1219 Ceam
254 1182 329 1220 ins.
366 1182 416 1220 de
449 1197 527 1235 qua
556 1197 594 1220 v.
639 1183 675 1220 Τ
679 1183 896 1221 ournesort
930 1182 1036 1233 Voy.
1073 1196 1123 1220 au
1150 1181 1314 1220 Levant
1345 1181 1496 1218 Lettre

94 1249 238 1298 VIII.)
263 1250 306 1287 in
327 1264 446 1302 quam
487 1250 666 1287 damnati
696 1250 1000 1302 Imperatorum
1034 1250 1287 1300 temporibus
1319 1247 1494 1298 relegari

95 1331 143 1355 ac
177 1317 389 1370 deportari
431 1318 635 1365 solebant3
685 1318 743 1367 (v.
781 1318 855 1365 VI,
892 1317 984 1355 563.
1023 1316 1117 1354 564.
1164 1316 1219 1364 X,
1264 1329 1352 1366 170.
1393 1316 1491 1355 Tae.

95 1384 202 1424 Ann.
243 1384 310 1433 Ill,
350 1386 413 1423 68.
449 1385 513 1436 69.
549 1382 618 1433 lV,
651 1386 716 1423 50.
758 1384 864 1422 Plin.
899 1385 974 1433 IV,
1013 1397 1072 1422 12.
1101 1382 1214 1431 VIII,
1247 1396 1311 1435 29.
1336 1383 1420 1430 57.)
1448 1390 1495 1423 ut

95 1453 166 1492 alii
188 1453 235 1492 in.
260 1452 507 1504 Seriphum,
551 1451 642 1501 (VI,
673 1452 765 1490 564.
796 1451 851 1499 X,
877 1463 964 1500 170.
995 1452 1092 1488 Tac.
1115 1450 1220 1489 Ann.
1253 1451 1304 1499 M,
1328 1452 1391 1489 85.
1416 1449 1490 1498 IV,

93 1522 181 1567 21.)
209 1522 456 1571 Amorgum,
488 1520 609 1567 (Tac.
644 1521 752 1557 Ann.
788 1517 860 1566 IV,
896 1519 955 1556 13.
981 1516 1064 1569 30.)
1100 1519 1337 1566 Donusam,
1373 1514 1490 1571 (Tac.

94 1587 202 1625 Ann.
222 1586 296 1636 IV,
321 1587 412 1637 30.)
451 1586 760 1635 Pandatariam,
809 1584 926 1633 (Tac.
959 1585 1066 1624 Anu.
1098 1585 1129 1634 Ι,
1159 1588 1223 1626 53.
1259 1586 1376 1635 XIV,
1408 1582 1493 1636 63.)

96 1655 246 1704 Oasin,
282 1653 336 1707 (v.
359 1656 521 1706 Koenig
545 1655 595 1693 ad
619 1654 760 1693 Claud.
784 1652 941 1703 XVIII,
967 1649 1076 1707 178.)
1104 1654 1332 1692 Planasiam
1368 1653 1492 1691 alias-

95 1737 175 1776 que
217 1723 376 1762 steriles
414 1729 457 1761 et
499 1737 662 1761 saxosas
704 1722 877 1769 insulas,
940 1722 1012 1759 ubi
1054 1721 1162 1759 same
1203 1722 1493 1759 enecabantur.

93 1792 225 1842 Gyari
244 1791 383 1843 itaque
402 1790 441 1828 h.
463 1792 490 1829 l.
512 1805 588 1843 pro
625 1790 765 1843 quavis
789 1789 989 1827 eiusmodi
1021 1789 1153 1826 insula
1189 1795 1230 1826 et
1255 1802 1332 1839 pro
1356 1801 1493 1839 poena

91 1858 353 1908 relegationis
387 1864 509 1911 atque
545 1858 866 1910 deportationi53
895 1857 945 1894 de
979 1870 1057 1908 qua
1089 1869 1128 1893 v.
1160 1855 1315 1905 Heynii
1347 1855 1489 1905 Progr.

93 1925 141 1964 in
167 1924 362 1977 Opuscul.
389 1926 580 1964 Academ.
612 1926 707 1964 Vol.
735 1924 806 1962 IV.
838 1939 876 1976 p.
899 1924 979 1963 268
1012 1937 1092 1974 seq.
1127 1936 1156 1960 s.
1182 1922 1320 1960 Neues
1344 1922 1488 1972 Maga-

92 1994 161 2032 zin
182 1992 252 2031 fiir
275 1992 562 2040 Schullehrer,
596 1993 692 2031 Vol.
717 1992 748 2030 I.
770 1993 815 2030 P.
847 1991 872 2030 Ι.
971 1991 1018 2027 δι’
1042 1992 1107 2027 νίς
1130 2004 1212 2026 esse
1234 1991 1416 2041 aliquis,
1446 1987 1489 2027 h.

93 2074 127 2098 e.
147 2061 191 2098 in
216 2059 375 2098 honore
399 2065 439 2097 et
464 2060 619 2111 pretio,
657 2066 705 2097 ut
737 2074 798 2112 ap.
829 2059 914 2101 Cic,
949 2058 1000 2096 ad
1019 2058 1106 2096 Att.
1131 2055 1201 2106 ΙΙΙ,
1231 2058 1291 2095 15.
1315 2063 1354 2094 et
1375 2056 1489 2093 Pers.

89 2127 123 2176 I,
155 2139 244 2182 129.
299 2127 405 2165 Nam
429 2128 586 2179 aliquis
606 2133 667 2164 est
688 2141 889 2178 magnus,
931 2127 1129 2169 eximius,
1168 2125 1352 2175 insignis
1381 2125 1489 2175 quis,

92 2195 165 2248 qui
187 2195 334 2233 ceteris
353 2200 532 2247 praestat
551 2200 593 2232 et
618 2195 794 2233 eximiae
823 2200 886 2232 est
909 2193 1114 2244 diguitatis
1127 2222 1138 2241 ,
1175 2197 1224 2230 ut
1256 2193 1316 2238 τὶς
1336 2189 1390 2228 id.
1416 2189 1484 2243 qd.

137 2374 196 2408 50.
226 2373 297 2406 Per
316 2372 463 2418 samam
507 2378 544 2405 et
572 2371 760 2417 populum,
819 2382 889 2414 que
921 2370 1103 2416 despectus
1133 2370 1377 2409 scelerumque
1409 2368 1483 2399 ini-

86 2444 157 2477 per
182 2431 315 2463 famam
340 2433 488 2474 populiz,
527 2429 762 2471 Grang.sus-
819 2430 975 2473 punitas,
1028 2439 1093 2460 nec
1139 2439 1211 2459 non
1259 2436 1389 2468 pompa
1449 2433 1485 2461 ez

88 2500 161 2533 que
188 2488 301 2530 deque
336 2487 467 2519 habens
490 2487 621 2533 famae
638 2497 762 2529 popu-
819 2486 1006 2521 ostentatio
1063 2485 1329 2526 exsequiarum:
1399 2492 1486 2514 nam.

89 2546 188 2579 laris
212 2557 388 2586 susum-0⁵,
413 2556 479 2587 qua
500 2545 605 2586 vulgo
624 2546 762 2576 iacten-
820 2542 984 2575 cadavera
1012 2550 1237 2574 mortuorum
1265 2541 1353 2573 olim
1393 2540 1485 2569 elata

89 2612 150 2637 tur
174 2615 309 2636 veneno
331 2603 431 2648 nigri
446 2603 564 2634 mariti
583 2612 655 2633 esse
681 2601 759 2632 ela·
815 2596 920 2633 mane
965 2607 998 2630 et
1029 2607 1108 2631 ante
1151 2600 1291 2636 lucem,
1343 2598 1482 2628 minore

89 2663 145 2703 κὴ
182 2662 338 2693 Henn‘m.
372 2668 411 2692 ut
443 2668 626 2701 carpantur
661 2657 761 2691 iudi-
818 2665 938 2691 sumtu
970 2664 1005 2689 et
1035 2658 1204 2700 strepitu,
1245 2653 1291 2687 ad.
1321 2653 1414 2686 faces
1449 2657 1503 2682 et..

98 2720 237 2752 ciorum
267 2725 305 2750 et
340 2717 462 2761 legum
495 2717 676 2760 neglectus
707 2723 763 2749 at-
820 2725 950 2748 cereos.
