1686 3089
494 169 569 215 IN
616 169 859 214 IVVEN.
902 167 1042 210 SAT.
1079 171 1136 216 X,
1425 167 1513 214 555

130 288 322 328 confictio
348 287 571 326 sufficiebat
602 291 794 339 regnante
819 285 990 325 Tiberio
1014 286 1148 324 aliove
1178 292 1364 337 tyranno,
1410 300 1450 326 v.
1478 301 1514 327 c.

121 356 383 406 Domitiano,
422 355 533 393 unde
556 355 696 394 Nerva
719 354 853 392 edicto
888 364 1027 402 servos
1059 355 1216 392 crimen
1248 354 1292 391 in
1325 354 1515 393 dominos

123 422 289 461 deferre
319 424 476 471 vetuit,
534 422 583 459 de
604 435 684 474 quo
708 422 852 477 erio
874 421 1076 459 LXVIII.
1113 434 1153 472 p.
1191 420 1282 471 769.
1316 427 1357 459 et
1388 421 1513 460 Baeh.

125 490 327 529 Traianus
358 505 397 542 p.
421 491 472 540 73
495 504 577 542 seq.
593 492 656 519 ⁴—-
741 491 805 528 88.
835 489 992 527 Notum
1018 493 1101 532 est,
1145 488 1216 534 iis,
1266 487 1336 539 qui
1371 488 1414 525 in
1448 489 1515 528 ius

123 558 265 596 vocati
289 571 372 595 non
396 558 530 606 irent,
558 570 700 595 manus
726 556 973 608 laqueosque
996 555 1133 604 infici,
1163 568 1313 610 eosque
1336 556 1399 608 vi,
1437 559 1516 594 ob·-

121 625 291 668 stricta,
322 624 543 663 constricta
569 623 746 676 laqueis,
791 625 947 660 cervice
966 635 995 659 s.
1023 623 1130 661 collo
1160 623 1328 662 obtorto
1376 625 1422 661 in
1448 627 1517 663 ius

122 690 240 730 trahi.
269 691 336 729 vel
358 692 449 743 rapi
480 692 677 743 potuisse.

237 772 302 812 90..
335 758 452 807 Quae
476 772 602 810 quum
631 758 690 796 ita
723 760 829 806 sint,
871 758 961 811 quis
993 758 1151 809 optabit
1189 758 1354 798 eosdem
1383 757 1519 799 hono-

87 859 95 871 „
121 837 189 864 res
216 824 391 874 habere,
424 839 524 877 quos
545 825 692 864 habuit
713 826 906 874 Seianus,
940 830 981 863 et
1007 824 1145 864 eadem
1168 826 1276 877 pati,
1316 841 1418 879 quae
1447 828 1521 867 ille

124 906 267 944 passus
307 892 399 930 est'?
458 893 669 937 salutari,
713 893 814 930 coli:
863 906 957 931 nam
984 891 1151 929 clientes
1171 896 1358 944 patronis
1387 895 1522 934 officia

129 965 341 1011 praestare
375 960 444 998 vel
477 958 680 997 honorem
713 958 864 998 habere
898 960 1082 997 solebant
1118 960 1341 1011 salutando,
1370 976 1522 1002 occur-

121 1026 277 1075 rendo,
315 1026 531 1079 sectando,
575 1026 816 1064 deducendo
842 1034 916 1065 cet.
972 1027 1122 1065 habere
1151 1030 1408 1067 tantumdem
1431 1031 1520 1070 scil.

123 1093 366 1138 divitiarum
404 1100 444 1131 et
475 1095 698 1145 potentiae.
744 1093 807 1131 Cf.
835 1095 875 1133 V
878 1108 934 1131 ar.
958 1094 1074 1132 Lect.
1161 1109 1226 1148 91.
1259 1097 1352 1142 illi,
1404 1097 1519 1144 huic,

123 1161 254 1199 alteri.
314 1162 480 1207 Caralis
509 1162 610 1200 sella
647 1162 828 1214 primum
863 1161 947 1199 suit
986 1175 1154 1212 regum,
1201 1162 1349 1202 deinde
1388 1167 1522 1218 magi-

123 1234 327 1267 stratuum
350 1229 573 1277 maiorum,
603 1235 704 1282 puta
725 1228 964 1277 consulum,
1002 1243 1241 1280 censorum,
1281 1240 1523 1284 praetorum

124 1302 168 1334 et
193 1296 386 1334 aedilium
424 1296 643 1334 curuh‘um.
724 1296 835 1334 Hinc
872 1310 1053 1333 summae
1089 1299 1251 1335 curtiles
1284 1300 1370 1337 scil.
1398 1301 1525 1339 sellae

127 1363 194 1402 vel
217 1363 367 1401 summi
405 1365 570 1402 curules
604 1362 783 1401 honores
821 1369 864 1401 et
895 1364 1156 1414 magistratus
1195 1372 1293 1404 sunt
1318 1368 1527 1406 -c‘onsula-

124 1435 217 1475 tus,
248 1437 294 1467 ut
323 1432 458 1477 maior
487 1431 646 1468 curulis
667 1445 729 1482 ap.
750 1432 854 1468 Stat.
881 1431 980 1469 silv.
1006 1434 1038 1480 I,
1061 1435 1099 1481 4,
1123 1435 1189 1472 82.
1217 1456 1272 1464 —
1341 1447 1407 1485 92.
1433 1437 1524 1472 Tu·-

125 1507 211 1543 tor,
253 1497 446 1536 defensor
475 1504 518 1535 et
541 1497 720 1536 vicarius
746 1500 971 1549 Principis
1004 1505 1047 1537 et
1082 1501 1272 1553 imperii:
1323 1515 1419 1540 nam
1444 1503 1527 1547 Tio,

129 1566 290 1612 berius,
344 1579 471 1617 quum
497 1566 681 1616 Capreas
705 1566 955 1614 secessisset,
1008 1566 1232 1619 imperium
1259 1568 1407 1608 Seiano
1432 1576 1525 1610 tra-

126 1633 299 1672 diderat.
351 1633 416 1671 Cs.
441 1632 491 1670 ad
512 1646 551 1671 v.
574 1644 640 1683 71.
689 1632 771 1670 Sed
793 1642 906 1671 tutor
929 1635 1153 1684 Principis
1176 1635 1216 1673 h.
1240 1636 1266 1674 l.
1295 1636 1377 1675 dici
1403 1638 1528 1676 vide-

125 1708 196 1740 tur
217 1715 292 1754 per
321 1701 549 1738 ludibrium
573 1700 755 1748 Tiberii,
786 1703 857 1752 qui
877 1700 928 1738 ad
949 1701 1087 1739 Seiani
1108 1704 1326 1742 arbitrium
1351 1711 1527 1744 nutum-

128 1783 209 1821 que
240 1764 283 1805 se
312 1774 448 1807 totum
479 1767 658 1817 fingebat
681 1773 722 1804 et
742 1767 892 1818 pupilli
914 1767 1043 1805 instar
1064 1769 1109 1806 in
1137 1770 1224 1807 eius
1254 1771 1423 1811 tutelam
1447 1786 1526 1811 ve-

128 1842 249 1876 nerat
283 1836 352 1874 vel
376 1840 521 1887 sponte
553 1848 596 1872 se
638 1833 874 1872 tradiderat.
956 1848 1061 1884 rupe
1092 1835 1376 1885 Caprearum5
1427 1853 1525 1879 nam

130 1905 327 1943 Tiberius
352 1904 536 1952 Capreas
558 1914 599 1938 se
626 1901 823 1945 contulit,
857 1903 1090 1953 praecipue
1114 1903 1341 1943 delectatus
1367 1908 1524 1953 insula,

133 1972 246 2025 quod
265 1985 347 2008 uno
377 1982 592 2021 parvoque
626 1969 746 2006 litore
771 1968 983 2018 adiretur,
1027 1980 1145 2022 septa.
1180 1973 1364 2025 undique
1395 1989 1526 2025 prae-

133 2041 270 2090 ruptis
299 2039 522 2075 immensae
557 2035 803 2075 altitudinis
837 2037 1015 2087 rupibus
1044 2047 1083 2076 et
1120 2042 1337 2092 profundo
1370 2045 1527 2090 maris;

134 2107 246 2144 Suet.
269 2105 362 2143 Tib.
384 2118 418 2142 c.
441 2105 507 2142 40.
549 2103 617 2141 De
640 2104 813 2155 Capreis
836 2118 874 2142 v.
897 2105 948 2143 ad
971 2119 1010 2143 v.
1039 2119 1103 2156 72.
1171 2109 1372 2154 sedentis,
1402 2123 1528 2160 prae-

135 2174 266 2221 clare3
310 2186 393 2210 non
416 2177 500 2209 tam
524 2172 641 2222 regni
665 2170 804 2209 sedem
831 2173 946 2224 quasi
967 2172 1174 2225 habentis,
1227 2190 1347 2229 quam
1373 2190 1526 2216 consu-

135 2241 284 2280 mentis
322 2239 451 2278 otium
473 2245 514 2276 et
536 2239 701 2291 quidem
722 2246 802 2278 tam
824 2254 948 2292 segne
960 2271 971 2290 ,
1019 2244 1135 2290 (nam
1177 2247 1310 2282 sedere
1323 2272 1338 2289 ,
1388 2242 1528 2295 ἧσθαι

138 2316 180 2347 et
219 2306 445 2357 καθῆσθαι
486 2307 536 2345 de
582 2308 728 2358 ignavo
766 2308 851 2346 otio
877 2315 919 2346 et
953 2310 1125 2349 obscura
1147 2314 1230 2349 vita
1252 2326 1372 2364 saepe
1405 2313 1528 2351 adhi-

138 2377 317 2419 bentur,
368 2374 418 2412 de
451 2388 531 2427 quo
561 2389 600 2419 v.
637 2375 776 2413 Klotz.
813 2376 864 2414 ad
900 2377 1020 2427 Tyrt.
1049 2393 1089 2430 p.
1122 2382 1233 2428 ili-3.)
1275 2394 1397 2432 quam
1430 2382 1528 2420 diu-

140 2451 332 2489 turnum,
370 2441 466 2492 (per
492 2448 648 2494 septem
673 2456 773 2481 vero
799 2457 925 2482 annos
946 2458 1076 2498 usque
1097 2447 1146 2485 ad
1171 2448 1278 2485 vitae
1300 2448 1424 2487 finem
1451 2450 1530 2488 Ti-

143 2513 278 2550 berius
294 2509 463 2561 Capreis
484 2517 759 2549 commoratus
783 2512 867 2563 est)
889 2512 1001 2551 forte
1021 2520 1063 2551 et
1085 2516 1380 2566 turpissimum,
1401 2531 1529 2569 quum

147 2652 261 2698 geret
299 2645 463 2683 sedens:
527 2660 617 2683 nam
651 2653 772 2698 poeta
807 2648 927 2686 simul
964 2651 1148 2703 innuisse
1184 2651 1372 2702 videtur,
1420 2654 1532 2705 quod

148 2719 347 2752 memorat
369 2714 480 2752 suet.
504 2714 597 2753 Tib.
622 2728 655 2752 o.
683 2715 748 2756 43.
787 2716 955 2755 Secessa
985 2717 1211 2769 Capreensi
1242 2721 1371 2758 etiam
1404 2721 1532 2761 sella·-
