1686 3089
421 155 498 196 IN
541 152 779 195 IVVEN.
813 152 954 194 SAT.
984 153 1078 195 XV.
1375 153 1454 207 741

77 316 81 320 .
177 283 243 321 27.
305 269 372 309 En
393 269 700 310 memorabilem
725 268 920 320 temporis
946 267 1245 314 definitionem,
1273 281 1375 322 quae
1399 268 1452 308 ad

59 338 259 379 maiorem
281 352 443 392 quoque
468 340 531 377 rei
556 337 680 378 fidem
701 335 931 374 faciendam
953 336 1073 374 valet.
1120 336 1201 375 Sed
1214 350 1288 388 pro
1305 336 1447 375 dolor!

59 418 194 458 neque
223 406 348 445 lectio
392 407 489 444 satis
522 413 633 444 certa
666 411 747 452 est,
788 404 845 452 (v.
874 404 1048 442 Excurs.
1084 403 1134 441 ad
1173 404 1212 441 h.
1235 405 1284 452 1⁴.)
1314 417 1451 455 neque

57 479 242 521 constat,
283 475 372 526 quis
412 480 454 512 et
488 473 649 525 quando
685 473 835 510 luntas
861 472 932 510 ille
961 473 1106 509 consul
1130 471 1266 509 suerit.
1325 470 1449 508 Non-

58 540 164 578 nulli
186 554 404 592 perperam
429 541 666 590 intelligunt
687 541 822 591 ipsum
854 540 1089 578 Iuvenalem
1127 545 1336 585 nostrum3
1376 537 1449 576 alii

58 607 173 658 App.
208 593 378 645 limiam
417 608 646 652 Sabinum,
687 608 757 660 qui
794 621 888 645 cnm
919 607 1159 644 Domitiano
1205 604 1338 658 (cuius
1379 603 1450 642 hie

59 675 184 713 etiam
220 675 383 713 satirice
417 681 664 726 perpetuum
703 675 959 713 consulatum
994 674 1154 712 silentio
1192 672 1329 711 notari
1362 684 1450 712 non

58 742 128 780 abs
153 755 200 779 re
221 741 442 780 videbatur
462 738 656 795 Pithoeo)
686 742 828 780 consul
853 742 935 780 suit
957 755 980 778 a
998 740 1050 778 U.
1072 738 1447 786 DCCCXXXVI;

58 809 278 858 Salmasius
312 823 411 848 vero
447 809 491 846 in
514 808 665 847 Exere.
690 810 795 847 Plin.
815 823 853 860 p.
878 811 958 860 447
989 821 1072 860 seq.
1104 808 1162 858 (v.
1186 823 1275 861 sup.
1293 808 1388 847 Vol.
1413 807 1447 845 I.

56 889 98 928 p.
130 876 270 914 UH.
298 883 338 914 et
369 875 504 925 LVI.)
549 876 595 926 Q.
625 877 794 914 Iunium,
825 878 1068 924 Rusticum,
1099 876 1168 928 qui
1200 875 1342 913 consul
1364 874 1449 913 suit

55 957 150 982 cum
162 943 385 991 Hadriano,
404 957 508 980 anno
522 943 685 994 imperii
697 947 782 982 cius
795 944 920 982 tertio
934 942 1036 981 etU.
1050 943 1095 981 C.
1115 942 1448 981 DCCCLXXII.

56 1011 172 1049 Haec
194 1011 432 1049 coniectura
456 1011 605 1048 ceteris
628 1011 880 1062 probabilior
902 1017 963 1048 est
980 1040 992 1059 ‚
1023 1017 1064 1049 et
1083 1017 1172 1050 tum
1200 1010 1300 1048 haec
1323 1010 1449 1049 satira

58 1077 202 1116 eodem
237 1091 341 1115 anno
377 1079 527 1130 scripta
551 1077 684 1116 videri
709 1084 865 1130 potest,
897 1092 977 1129 quo
1000 1077 1155 1116 decima
1177 1078 1310 1116 tertia.
1334 1090 1375 1115 v.
1396 1075 1450 1114 ad

59 1145 184 1189 XIII,
219 1145 282 1182 16.
322 1152 362 1182 et
395 1146 467 1183 vit.
505 1146 648 1183 luven.
681 1159 756 1196 per
796 1159 922 1183 annos
965 1145 1163 1198 digestam
1206 1159 1268 1198 pr.
1314 1146 1451 1183 Vetus

57 1211 194 1250 Schol.
234 1213 326 1260 „De
359 1226 402 1250 se
439 1212 541 1250 dicit
575 1213 801 1260 Iuvenalis,
840 1214 910 1264 qui
954 1214 999 1252 in
1042 1213 1228 1264 Aegypto
1272 1212 1450 1251 militem

59 1281 255 1331 (limitem
279 1280 383 1317 coni.
410 1280 593 1317 Hennin.
619 1286 661 1318 et
682 1282 817 1328 vitem,
845 1281 1004 1331 insigne
1027 1280 1293 1328 centurionis,
1317 1276 1449 1332 Pith.)

57 1348 220 1396 tenuit,
263 1352 306 1384 et
342 1361 388 1384 ea
422 1348 634 1399 promittit
666 1361 709 1384 se
744 1347 1001 1395 relaturum,
1034 1361 1137 1400 quae
1171 1349 1262 1400 ipse
1304 1345 1454 1392 viditfff

56 1417 124 1453 28.
206 1415 432 1465 Referam,
472 1429 574 1467 quae
597 1429 729 1465 nuper
755 1423 876 1466 gestes
907 1422 1002 1453 sunt
1024 1429 1172 1465 super,
1203 1429 1350 1466 supra,
1378 1414 1450 1452 ul-

56 1489 144 1531 tra,
170 1488 219 1520 ut
247 1479 372 1533 ὑπὲρ,
405 1484 464 1529 (v.
487 1483 646 1520 Duker.
672 1488 711 1519 et
730 1495 802 1519 nos
825 1482 874 1519 ad
898 1483 991 1520 Liv.
1018 1483 1051 1530 I,
1079 1495 1116 1530 2,
1144 1483 1182 1520 3.
1210 1489 1252 1520 et
1281 1481 1455 1530 XXXI,‘

58 1552 127 1599 47,
148 1549 204 1600 3.)
237 1549 398 1586 ‘moenia
431 1550 553 1600 Copti
582 1549 773 1596 calidae,
802 1550 861 1599 (v.
890 1549 941 1586 ad
964 1549 1039 1598 VI,
1063 1550 1184 1598 527.)
1210 1549 1317 1587 intra
1347 1548 1453 1586 fines

57 1617 183 1669 Copti
203 1622 246 1654 et
267 1617 559 1667 Tentyrorum.
617 1616 767 1668 Aptius
793 1617 916 1654 etiam
941 1630 1029 1654 voc.
1058 1630 1181 1666 super
1208 1615 1246 1653 h.
1271 1629 1306 1653 e.
1328 1615 1456 1663 ultra,

64 1685 99 1723 si
123 1692 268 1736 poeta,
311 1683 381 1734 qui
405 1684 555 1734 refert,
589 1697 694 1734 quae
725 1685 813 1733 ipse
845 1685 1008 1720 notarit
1037 1688 1079 1719 et
1106 1682 1240 1728 vidit,
1272 1678 1332 1736 (v.
1359 1683 1455 1730 45.)

58 1751 183 1802 Copti
210 1757 481 1787 commoratus
512 1755 595 1796 est,
635 1763 763 1801 quum
793 1749 947 1786 bellum
966 1748 1047 1786 hoc
1074 1750 1182 1787 inter
1204 1749 1386 1801 Coptitas
1407 1756 1451 1789 et

56 1819 319 1871 Tentyrita3‚
347 1816 501 1854 incolas
526 1815 772 1867 oppidorum
795 1815 1066 1854 finitimorum
1080 1845 1092 1864 ,
1122 1816 1182 1867 (v.
1209 1818 1294 1866 33.)
1326 1831 1449 1869 gere—-

56 1893 185 1938 retur.
301 1885 454 1935 Copta-3
486 1884 630 1934 (Copti
657 1897 696 1921 v.
722 1883 813 1933 35.)
848 1897 1063 1922 commune
1094 1883 1276 1923 Arabum
1311 1885 1452 1935 Aegy-

56 1954 322 2007 ptiorumque
354 1951 575 2004 oppidum,
614 1965 638 1989 a
665 1950 929 1988 Diocletiano
960 1950 1143 1989 dirutum
1163 1965 1239 1990 nec
1260 1952 1340 1990 nisi
1361 1951 1453 1992 XII

60 2023 158 2060 mill.
184 2034 290 2073 pass.
307 2025 512 2058 remotum
545 2032 568 2055 a
605 2018 823 2069 Tentyris,
861 2019 1090 2069 emporium
1122 2017 1453 2068 celeberrimum,

59 2103 139 2142 quo
163 2101 318 2126 merces
340 2086 530 2134 Indicae,
559 2085 759 2123 Arabicae
784 2091 826 2123 et
847 2085 1138 2137 Aethiopicae,
1164 2087 1342 2130 Arabico
1357 2087 1455 2129 sinu.

57 2157 274 2203 advectae,
300 2153 631 2204 deportabantur.
690 2153 936 2204 Metropolis
959 2154 1041 2192 suit
1063 2154 1189 2192 Nomi
1212 2153 1388 2205 Comici,
1408 2160 1453 2193 et

58 2222 380 2268 mediterranea,
418 2233 502 2257 non
538 2219 589 2258 ad
619 2221 752 2272 ipsum
781 2221 923 2259 Nilum
957 2221 1057 2266 sita,
1098 2222 1169 2260 sed
1197 2221 1247 2258 ad
1269 2222 1454 2261 canalem

63 2304 116 2330 ex
137 2289 215 2327 hoc
234 2288 361 2326 fluvio
384 2287 572 2335 ductum,
602 2288 646 2325 iu
668 2302 747 2340 quo
767 2302 923 2326 merces
946 2289 1063 2338 illae,
1093 2289 1144 2327 ab
1164 2290 1339 2329 Arabico
1357 2291 1453 2329 sinu

62 2357 129 2396 vel
148 2356 345 2393 Berenice
373 2354 535 2392 camelis
564 2360 605 2392 et
627 2355 694 2393 via
712 2356 875 2406 publica
906 2354 1085 2406 Coptum
1117 2355 1336 2408 devectae,
1375 2373 1454 2397 na·-

63 2410 182 2471 ribus
224 2423 268 2460 in
301 2421 445 2477 Nilum
475 2427 517 2459 et
555 2421 703 2459 deiude
748 2421 1043 2462 Alexandriam
1079 2423 1383 2467 deserebantur.
1411 2441 1452 2468 v.

63 2493 170 2532 Plin.
204 2491 257 2538 V,
292 2503 329 2540 9.
356 2489 429 2537 VI,
450 2490 515 2527 23.
544 2504 573 2526 s.
596 2489 661 2527 26.
686 2495 726 2526 ct
748 2489 803 2537 X,
841 2491 906 2527 33.
941 2503 970 2528 S.
1007 2491 1071 2543 49.
1102 2492 1231 2530 strab.
1264 2493 1382 2532 XVI.
1411 2509 1455 2547 p,

68 2561 160 2610 781.
190 2557 239 2595 al.
277 2558 396 2596 1128.
429 2563 468 2595 et
504 2557 642 2594 XVII.
677 2570 718 2608 p.
751 2557 842 2595 815.
868 2557 916 2594 al.
946 2569 1062 2611 ¹¹?20·
1095 2558 1241 2597 Zonar.
1262 2560 1314 2598 ΙΙ.
1346 2568 1453 2600 extr.

67 2616 292 2666 Memoircs
326 2637 396 2661 sur
419 2623 444 2671 lss
465 2624 628 2675 Egypte
655 2637 741 2661 ane.
767 2629 809 2661 et
829 2623 937 2661 mod.
958 2637 1030 2676 par
1053 2623 1088 2662 δι’
1109 2626 1275 2665 Anville
1299 2642 1336 2680 p.
1366 2629 1456 2680 196.

68 2691 301 2735 Abulsedac
323 2692 534 2745 Descript.
568 2690 746 2745 Aegypti
777 2705 817 2745 p.
854 2691 917 2731 16.
954 2697 997 2737 et
1026 2690 1077 2732 ad
1115 2706 1209 2733 eum
1243 2696 1459 2737 Michaelis
