1798 3072
503 190 580 231 IN
626 191 855 233 IVVEN.
907 190 1043 237 SAT.
1071 192 1116 231 ,1,
1451 211 1504 255 19

107 321 226 361 quem
250 307 400 353 Massa
431 307 546 343 timet
576 312 651 344 cet.
683 312 725 345 et
753 306 943 345 Sidonius
966 305 1097 358 Epist.
1129 307 1181 356 V,
1224 320 1260 358 7.
1291 311 1358 348 Hi
1388 321 1498 358 sunt,

105 389 210 428 quos
234 376 378 412 timent
401 375 529 411 etiam
553 376 627 426 qui
646 377 854 413 timentur.
880 397 935 406 —
965 375 1183 413 nobilitate
1209 391 1380 423 comesa,
1422 380 1500 419 bo-

106 443 173 481 nis
196 443 279 480 suis
301 441 482 493 spoliata.
550 451 774 493 raptzcrus5
815 444 869 491 [in
899 443 1069 493 gratiam
1100 443 1421 494 Imperatorum,
1460 455 1502 486 et

106 510 172 547 sui
194 523 354 562 quoque
382 509 587 547 commodi
609 524 746 548 causa:
786 524 880 548 nam
905 510 1105 548 delatores
1126 510 1171 548 111
1194 518 1352 562 partem
1377 527 1499 564 prae-

108 577 184 616 dae
203 577 432 615 veniebant,
488 578 639 614 flIccsscz
663 578 813 615 Bebius
838 578 905 616 vel
927 578 1122 626 Baebius,
1148 578 1325 627 delator,
1367 582 1500 619 notis-

106 647 232 683 simus
254 658 308 683 ex
328 644 423 682 Tac.
454 645 563 682 Hist.
581 645 667 693 .1V‚
703 647 767 683 50.
790 651 831 682 et
861 645 946 683 vita
966 645 1100 696 Agric.
1125 659 1158 683 e.
1196 647 1262 684 45.
1288 647 1392 685 Plin.
1420 648 1497 701 Ep.

104 711 182 760 III,
201 712 238 749 4.
259 711 333 759 VI,
357 723 421 763 29.
451 712 546 760 VII,
584 712 648 750 33.
693 713 846 757 Carus,
899 713 1050 751 Metius
1084 727 1114 750 s.
1149 714 1321 752 Mettius
1358 714 1499 765 Carus,

104 778 343 817 eorumdem
377 785 612 831 temporum
650 779 829 828 delator,
881 779 931 817 (le
969 795 1048 833 quo
1078 795 1117 820 v.
1157 781 1261 819 Plin.
1293 782 1369 834 Ep.
1403 784 1435 832 I,
1460 786 1498 823 5.

103 847 199 895 VII,
228 859 288 898 19.
328 852 369 884 et
402 859 468 896 27.
500 848 595 884 Tac.
621 847 693 885 vit.
715 848 851 898 Agric.
876 862 908 884 c.
930 850 995 886 45.
1025 849 1203 886 Martial.
1236 850 1334 898 XII,
1359 852 1424 900 25,
1461 853 1498 890 5.

103 928 223 966 quem
247 928 411 952 munere
436 916 618 966 palpat,
660 914 834 953 delinire
857 923 1048 964 conatur,
1078 918 1145 954 cui
1168 917 1379 955 blanditur
1403 932 1497 957 mu-

101 982 270 1021 neribus
307 982 464 1030 missis3
520 981 678 1020 locutio
718 981 902 1019 (lesumta
930 984 978 1021 ab
1013 985 1148 1035 equis,
1203 984 1273 1035 qui
1302 986 1498 1037 palpari,

96 1049 254 1101 plaudi
281 1055 324 1087 et
340 1050 512 1086 mulceri
532 1049 715 1086 manibus
737 1055 881 1086 amant.
901 1062 938 1086 v.
961 1051 1087 1088 Drak.
1108 1057 1150 1087 et
1169 1065 1242 1087 nos
1265 1050 1314 1088 ad
1332 1053 1403 1089 Sil.
1422 1054 1496 1103 IV,

102 1117 197 1156 264.
255 1117 364 1154 Hinc
403 1121 445 1153 et
476 1116 620 1153 Horat.
646 1116 774 1153 Serm.
800 1117 854 1164 ΙΙ,
894 1129 926 1164 1,
949 1128 1016 1153 20.
1049 1116 1177 1154 dixit:
1225 1118 1305 1155 Cui
1330 1119 1496 1172 (Augu—-

99 1186 189 1233 sto)
224 1185 329 1222 male
350 1185 389 1220 si
403 1183 601 1234 palpare,
628 1184 862 1220 recalcitret
885 1183 1068 1234 undique
1092 1192 1216 1221 tutus,
1251 1184 1314 1223 Cs.
1343 1186 1393 1224 ad
1418 1189 1494 1233 VI,

101 1253 196 1291 584.
221 1273 275 1281 —
333 1250 401 1292 36,
426 1252 634 1294 Latiam,
679 1252 827 1288 mimus
843 1280 853 1299 ‚
893 1251 1144 1300 gratissimus
1170 1250 1424 1304 Domitiano,
1454 1262 1497 1294 et

104 1319 308 1369 'l'lzymele,
332 1318 625 1368 spectatissima
647 1318 770 1355 mima
793 1323 833 1354 et
852 1317 1040 1354 saltatrix
1054 1332 1063 1365 3
1108 1317 1158 1354 de
1182 1319 1327 1369 quibus
1350 1335 1388 1359 v.
1421 1323 1495 1372 VI,

103 1387 168 1425 66.
199 1385 315 1433 VIII,
356 1397 443 1437 197.
474 1386 641 1422 Sueton.
668 1385 823 1422 Domit.
853 1386 915 1423 15.
939 1391 979 1421 et
1011 1385 1187 1422 Martial.
1209 1386 1240 1433 Ι,
1262 1388 1298 1424 5.
1328 1387 1406 1437 ΙΧ,
1428 1403 1495 1442 29.

99 1453 271 1494 Mulieri
300 1465 453 1490 nomen
484 1452 532 1490 ab
570 1458 655 1489 arte
689 1452 848 1488 scenica
878 1451 1056 1490 inditum
1086 1458 1254 1503 putant:
1294 1467 1387 1493 nam
1410 1462 1495 1499 θυ-

100 1518 203 1574 μέλη
226 1520 376 1557 dicitur
397 1520 603 1571 pulpitum
622 1533 652 1556 s.
674 1532 741 1556 ara
765 1517 937 1566 theatri,
973 1519 1040 1557 vel
1070 1518 1190 1557 huius
1210 1534 1305 1571 pars
1329 1523 1378 1561 ad
1403 1539 1494 1564 sce—

100 1602 218 1635 nam,
256 1587 328 1625 ubi
350 1587 460 1625 sorte
495 1588 586 1625 cani
620 1594 660 1625 et
698 1586 833 1624 saltari
867 1587 1047 1636 solebat,
1089 1588 1197 1625 unde
1233 1588 1495 1639 thymelicum

98 1655 155 1694 id.
179 1655 243 1709 qd.
270 1655 500 1704 scenicum,
543 1655 593 1692 de
616 1668 696 1707 quo
722 1667 760 1691 v.
787 1653 925 1691 Sidon.
959 1653 1035 1705 Ep.
1076 1655 1152 1703 IX,
1196 1657 1257 1704 13,
1280 1669 1318 1695 2.
1351 1667 1390 1696 et
1412 1662 1492 1700 Vi-

100 1730 207 1762 truv.
245 1724 297 1770 V,
330 1724 365 1761 8.
405 1723 630 1771 submissa,
676 1721 816 1768 missa,
873 1728 919 1758 ut
948 1722 1016 1759 alii
1053 1728 1220 1773 putant,
1258 1725 1307 1761 ad
1328 1728 1495 1779 coitum,

99 1798 147 1829 ut
171 1791 262 1839 alii,
301 1796 348 1828 ut
372 1790 610 1827 muneribus
646 1802 739 1826 eum
769 1787 948 1838 placaret
980 1789 1047 1826 vel
1070 1789 1262 1828 facundia
1287 1794 1354 1830 vel
1376 1796 1493 1835 blan—

97 1858 221 1896 ditiis.
247 1878 305 1886 --
359 1856 429 1895 Ex
461 1857 580 1896 docta
607 1863 741 1894 autem
773 1855 1010 1895 Heinrichii
1043 1860 1388 1898 commentatione
1413 1877 1491 1903 ex-

95 1926 299 1978 cerpimus
332 1939 396 1974 ea,
440 1925 587 1977 quibus
623 1930 663 1961 et
699 1922 766 1960 hic
808 1928 849 1959 et
878 1922 946 1959 alii
973 1929 1117 1973 poetae
1150 1923 1232 1962 loci
1271 1927 1322 1964 ad
1346 1930 1492 1970 mimos

96 2007 340 2045 scenamque
370 1997 599 2042 spectantes
632 1991 912 2028 illustrantur:
958 1990 1180 2038 „Pei-acuta
1210 1999 1269 2030 est
1304 1995 1493 2038 Turnebi

93 2060 266 2099 Advers.
298 2060 398 2107 XX,
436 2059 471 2096 8.
508 2059 754 2096 observatio.
821 2055 1025 2107 [Thymele
1055 2059 1202 2106 mima,
1262 2075 1364 2112 quae
1397 2065 1490 2106 cum

97 2130 255 2166 Latino
278 2140 396 2178 saepe
418 2131 576 2176 gestum
597 2126 746 2177 agebat.
803 2125 924 2163 Mimi
949 2125 1075 2175 igitur
1100 2135 1383 2176 argumentum
1408 2135 1493 2184 egit

96 2208 191 2233 cum
211 2208 258 2232 ea
278 2194 472 2242 Latinus,
501 2194 545 2231 in
573 2207 652 2245 quo
677 2207 769 2231 cum
791 2208 857 2238 ea,
883 2199 929 2229 ut
949 2192 1079 2230 aliena
1100 2206 1254 2244 uxore,
1295 2200 1492 2240 moechus

97 2275 226 2313 paene
249 2259 654 2313 deprehendebatur,
693 2261 760 2300 vel
785 2261 932 2298 marito
957 2259 1006 2296 de
1035 2259 1234 2299 adulterio
1258 2264 1491 2317 aliquorum

72 2329 75 2331 ’
97 2329 303 2366 delatione
340 2335 548 2380 suspectus
574 2335 682 2376 erat5
711 2328 784 2366 sed
802 2327 979 2366 dolosam
1004 2334 1045 2364 et
1074 2334 1243 2368 astutam
1279 2334 1491 2377 moecham

95 2395 148 2433 ad
168 2398 358 2433 maritum
380 2396 591 2447 allegavit,
630 2410 732 2448 quae
759 2396 796 2433 ei
819 2409 861 2432 os
884 2394 1109 2432 sublineret
1133 2401 1173 2433 et
1193 2399 1377 2447 periculo
1401 2403 1488 2442 La..

95 2464 229 2501 tinum
259 2469 298 2500 et
329 2463 499 2501 crimine
533 2465 745 2502 eximeret.
804 2462 853 2500 Id
881 2462 1005 2512 igitur
1043 2461 1178 2499 facete
1213 2465 1418 2508 Iuvenalis
1440 2473 1491 2511 ad

99 2537 330 2568 extremum
355 2530 457 2577 iacit?
473 2544 525 2568 ex
550 2537 786 2581 argumento
819 2529 1020 2567 notissimi
1055 2529 1126 2566 illa
1144 2536 1384 2583 tempestate
1410 2541 1491 2578 mi-

98 2598 177 2634 mi:
219 2596 556 2648 quemadmodum
578 2598 750 2636 Latinus
787 2596 1064 2648 deprecatriee
1099 2598 1269 2637 moecha
1302 2609 1362 2642 est
1380 2618 1490 2659 usus,

99 2665 156 2701 sic
180 2678 257 2715 pro
295 2678 335 2709 se
373 2665 566 2715 quosdam
592 2665 641 2704 ad
676 2665 898 2705 delatorem
931 2663 1172 2714 placandum
1207 2666 1490 2720 deprecatores

870 2731 956 2769 ΒΩ
