1686 3089
490 170 567 212 IN
612 170 851 211 IVVEN..
894 169 1030 210 SAT.
1064 170 1118 209 x.
1425 172 1508 231 591

121 288 216 327 328.
245 287 493 326 concussere
524 301 588 332 se,
617 293 788 339 propter
810 284 1016 338 repulsam
1040 290 1264 324 commotae
1293 293 1402 336 sunt,
1431 300 1511 325 eX7

123 357 304 393 citarunt
334 370 378 393 se
409 356 536 393 iratae
558 354 608 393 ad
633 354 867 401 vindictam,
893 361 939 392 ut
960 367 1021 404 ap.
1044 353 1155 391 Flor.
1179 354 1253 401 III,
1283 360 1315 393 ι’.
1342 369 1403 406 pr.
1425 369 1510 393 non

119 423 266 463 leviter
290 436 331 460 se
363 423 575 460 Numidia
610 424 816 460 eom—ussit
850 421 899 459 ad
933 421 1194 471 pugnandum
1205 451 1215 469 ‚
1268 422 1319 459 ad
1352 422 1511 473 bellum

120 490 288 538 sortiter
309 490 543 541 gerendum.
593 489 746 527 'Genus
768 488 964 539 loquendi
988 502 1010 526 a
1028 489 1172 531 leone,
1218 490 1288 540 qui
1312 490 1439 528 iratus
1463 503 1510 527 se

121 557 372 609 caudamque
396 558 601 604 concutit,
640 558 815 608 petitum
844 556 1028 603 videtur,
1080 568 1162 593 non
1186 569 1209 593 a
1229 556 1513 606 luctatoribus,

121 625 194 675 qui
219 625 415 662 certaturi
437 639 578 663 manus
601 625 860 672 concutiunt3
918 624 997 661 nisi
1022 623 1155 661 malis:
1195 637 1430 662 concussere
1457 639 1511 672 se,

119 692 300 729 animum
323 692 545 742 agitaruut,
574 691 797 730 vindictam
824 705 962 729 secum
981 689 1121 730 animo
1145 691 1398 729 volutarunt.
1443 691 1509 731 Cf.

121 759 237 809 Virg.
254 759 356 796 Aen.
384 760 424 795 V
426 759 480 801 Π,
507 759 600 796 338.
627 759 768 812 ibique
792 759 953 809 Heyne.
1010 758 1091 797 Sed
1118 758 1224 797 illud
1249 759 1383 809 aptius
1418 772 1514 809 gra-

121 824 309 878 xiusque.
385 828 480 877 329.
513 826 650 876 Quum
675 826 812 876 pzcclor
831 827 883 863 ob
911 840 1000 863 rem
1022 832 1210 877 turpem,
1232 827 1401 878 ¹qualem
1423 840 1514 865 nie-2

122 893 359 933 ditabantur
380 892 566 932 Phaedra
589 899 631 930 et
652 892 907 931 Stheneboea
916 923 926 941 ‚
964 894 1151 931 stimulos
1184 894 1374 932 admovet
1403 895 1515 943 odio,

122 961 310 1000 accendit
337 960 476 1000 odium
507 966 548 998 et
570 961 684 998 iram.
745 962 885 999 Genus
913 960 1111 1012 loquendi
1144 963 1292 999 notum
1319 961 1515 1001 ductum-

126 1042 206 1080 que
235 1043 258 1067 a
282 1031 463 1074 ειιήιιιῖο,
499 1030 655 1080 κέντρῳ
689 1042 718 1066 s·-
746 1027 1009 1081 σαυρωτῆρι,
1054 1043 1133 1080 quo
1169 1029 1265 1081 equi
1290 1035 1360 1067 aut
1390 1030 1518 1069 boves

121 1102 302 1134 aratores
335 1097 459 1147 pungi
496 1103 535 1133 et
564 1097 730 1133 incitari
761 1097 966 1144 solebant,
1029 1096 1139 1134 unde
1175 1098 1368 1148 proverb.
1411 1092 1517 1151 πρός

120 1163 270 1215 κέντρα
295 1166 494 1212 λακτίζειν
521 1169 565 1201 et
590 1164 870 1217 κεντρηνεκέες
900 1168 1032 1205 ἵπποι·

236 1233 318 1283 329
349 1255 400 1262 ——-
435 1233 528 1270 345.
568 1232 897 1270 Pulcritudinem
938 1246 1026 1270 esse
1068 1233 1268 1281 noxiam,
1317 1235 1518 1285 probatur

126 1299 252 1337 etiam
286 1300 477 1350 exemplo
516 1298 560 1336 C.
594 1299 707 1347 Silii,
757 1299 917 1338 iuvenis
950 1300 1238 1338 formosissimi
1267 1307 1306 1339 et
1338 1303 1518 1341 consulis

127 1365 350 1417 designati,
381 1367 450 1404 cui
467 1366 708 1415 Messalina,
752 1367 913 1406 Claudii
934 1368 1036 1419 Imp.
1060 1382 1181 1413 uxor,
1210 1369 1352 1407 insano
1381 1384 1519 1409 amore

129 1440 268 1485 capta,
306 1435 439 1486 palam
458 1435 620 1486 nupsit,
673 1435 840 1472 absente
871 1438 1019 1473 marito
1053 1435 1294 1487 Ostiamque
1323 1438 1519 1476 sacrificii

127 1515 252 1540 eausa
270 1501 480 1552 profecto.;
528 1515 632 1553 quae
660 1508 702 1538 et
737 1502 816 1552 ipsi
852 1509 895 1540 et
928 1504 1030 1542 Silio
1066 1517 1185 1541 causa
1208 1504 1329 1541 exitii
1351 1505 1443 1543 suit.
1478 1519 1518 1544 v.

107 1569 225 1608 „Tam
245 1570 352 1607 Anu.
374 1568 451 1618 Χῖ,
477 1570 513 1607 5.
544 1570 740 1606 12—38.
788 1570 897 1607 Nota
916 1570 1018 1608 Aeh.
1042 1577 1124 1608 est:
1174 1571 1406 1619 „Iuvenalis
1427 1572 1519 1622 h.l.‚

125 1637 217 1689 ipsa
246 1637 403 1675 histora
434 1638 596 1684 mitior,
655 1637 701 1674 iu
730 1637 832 1676 Silio
863 1638 992 1676 multo
1026 1639 1192 1676 maioris
1227 1640 1351 1689 pretii
1380 1641 1519 1679 virum

128 1705 249 1743 nobis
272 1705 414 1753 offert,
465 1718 588 1755 quam
624 1717 671 1741 re
703 1717 803 1742 vera
838 1705 940 1742 suit:
1000 1717 1094 1742 nam
1134 1707 1260 1743 Silius
1295 1707 1461 1758 quidem
1495 1721 1518 1746 a

127 1771 349 1813 Messalina
380 1771 620 1809 sollicitatus
651 1770 809 1808 Iuniam
831 1771 1007 1809 Silanum
1039 1784 1216 1811 uxorem
1247 1787 1360 1812 suam
1390 1789 1518 1827 repu-

134 1838 283 1887 diavit;
330 1844 372 1875 at
401 1839 472 1876 ille
507 1838 628 1889 paulo
656 1844 788 1891 post„
818 1843 861 1875 et
893 1839 1115 1877 ambitione
1143 1841 1323 1892 pessima
1361 1841 1522 1892 ductus,

132 1912 176 1944 et
200 1905 405 1945 honorum
435 1913 555 1958 atque
580 1905 824 1956 dignitatum
847 1919 918 1957 spe
940 1913 1076 1944 mente
1100 1914 1338 1946 occoecatus
1352 1938 1363 1957 ‚
1390 1909 1521 1961 ipsam

131 1975 315 2012 vicissim
335 1974 598 2012 Messalinam
626 1973 814 2025 impulit,
852 1980 898 2011 ut
928 1974 1086 2012 insanas
1110 1976 1199 2013 illas
1224 1977 1384 2027 nuptias
1410 1966 1524 2016 cele-

134 2043 286 2081 braret.
309 2041 454 2080 v.Tac.
468 2042 575 2079 Ann.
589 2041 666 2089 XI,
681 2041 775 2079 26.“
802 2042 927 2080 Silius
946 2049 1083 2081 tamen
1103 2043 1146 2081 id
1161 2044 1263 2081 fecit
1281 2045 1524 2083 necessitate

134 2117 309 2153 coactus,
336 2110 520 2161 quamvis
543 2123 627 2148 non
649 2110 707 2147 ita
731 2117 861 2148 castus
883 2116 926 2148 et
946 2112 1146 2162 propositi
1168 2118 1311 2158 tenax,
1342 2118 1389 2149 ut
1410 2106 1523 2164 Hipss-

130 2179 296 2230 polytus
319 2183 360 2215 et
387 2176 686 2228 Bellerophon,
715 2183 855 2215 tamen
884 2191 966 2216 non
990 2180 1123 2216 minus
1147 2179 1236 2217 sere
1260 2180 1404 2231 dignus
1427 2181 1520 2230 suit,

129 2247 254 2291 ,cuius
267 2247 636 2284 misereremur.--
657 2246 798 2298 Elige,
826 2245 904 2292 die,
932 2248 1135 2297 quidnam
1161 2249 1418 2294 suadendam
1438 2263 1524 2287 esse

134 2321 256 2363 putes
306 2313 427 2360 Silio,
479 2312 725 2363 precibusne
764 2313 1007 2351 Messalinae
1054 2314 1307 2366 obsequatur
1353 2308 1524 2369 eamque

138 2393 313 2418 uxorem
345 2379 487 2428 ducat,
538 2394 614 2417 nec
649 2380 730 2418 ne?
801 2381 844 2419 Si
883 2381 1074 2431 duxerit,
1113 2383 1345 2433 periculum
1378 2384 1524 2423 mortis

138 2447 404 2485 metuendum
429 2460 452 2483 a
471 2445 666 2495 Claudi03
708 2449 742 2486 si
763 2450 974 2497 abnuerit,
1012 2463 1034 2486 a
1064 2450 1294 2488 Messalina.
1364 2450 1523 2490 Condi-

139 2514 198 2552 tio
240 2514 377 2566 itaque
419 2514 506 2551 eius
539 2515 769 2554 miserrima
805 2517 887 2555 suit
924 2523 1163 2568 certumque
1203 2523 1246 2555 et
1283 2518 1523 2558 inevitabile

145 2580 332 2619 exitium.
420 2581 513 2619 532.
543 2585 711 2633 rapitur
749 2585 872 2622 Silius
897 2585 1156 2622 Messalinae
1189 2587 1341 2635 oeuli·<›·,
1384 2589 1524 2626 amore

140 2649 397 2698 ardentibus,
436 2648 475 2686 h.
497 2663 530 2686 e.
565 2663 701 2688 amore
731 2651 818 2690 eius
849 2651 1058 2688 detinetur
1079 2664 1125 2689 ac
1151 2650 1407 2703 devincitur,
1450 2670 1522 2693 ex-

139 2706 426 2768 stinguenda-9,
440 2717 721 2770 peritur11S,ut
732 2724 896 2771 pereat:
929 2731 1024 2762 nam
1040 2719 1149 2759 oculi
1172 2720 1239 2759 vel
1252 2720 1379 2761 sanles
1391 2721 1520 2760 aliae-
