1686 3089
195 168 245 195 22
604 153 1179 196 COMMENTARIVS

198 270 330 319 ἓ(11110111
365 269 494 308 traxit
529 271 738 322 antiquum
770 270 941 307 verbum
976 271 1131 308 caluere
1153 275 1205 314 fet
1238 271 1371 314 calvi,
1414 268 1588 308 docente

198 335 336 373 Nonio
361 337 488 375 Marc.
511 352 548 389 p.
576 338 610 376 6.
668 338 853 375 Verbum
876 352 897 375 e
926 338 1011 376 vita
1036 337 1242 374 communi
1267 337 1310 374 in
1337 337 1405 376 Ius
1433 350 1588 374 assum-

198 409 295 440 tum.
327 417 364 441 v.
390 405 549 455 Menag.
583 404 750 442 inlusis
780 405 855 441 civ.
879 405 1126 442 amocnitatt.
1163 418 1201 455 p.
1228 404 1322 441 264.
1350 403 1504 441 Duker.
1537 403 1588 440 de

198 469 345 507 latinit.
386 470 580 509 ICtorum
612 487 649 522 p.
690 472 777 511 165.
815 477 856 508 et
882 472 1016 508 Vales.
1055 470 1103 507 ad
1133 469 1335 511 Alnmian.
1380 471 1524 518 XXX,
1551 472 1588 508 4.

202 543 308 574 extr.
378 539 457 575 Sed
486 540 628 576 calvus
662 540 810 587 morio,
859 535 1000 591 μωρός
1028 534 1260 591 φαλακρός,
1302 552 1425 589 quum
1454 544 1592 574 tanto-

200 616 298 654 pere
320 605 363 642 in
387 605 542 642 deliciis
565 607 706 650 lucris,
736 605 844 658 (nam
870 608 963 644 leno
987 619 1147 657 quoque
1169 606 1212 642 in
1233 620 1352 643 scena
1384 600 1595 659 φαλακρός

202 670 506 720 producebamr
529 679 569 710 et
589 687 751 717 servus;
792 688 830 711 v.
864 675 1015 711 Pollux
1048 673 1123 718 IV,
1164 673 1251 710 145.
1278 679 1318 710 et
1348 674 1460 724 150.)
1486 675 1593 709 scire

199 737 369 775 interest
399 740 601 778 rationem
626 742 784 778 inventi
822 748 862 779 et
898 742 1118 791 originem,
1162 754 1282 792 quam
1316 740 1592 791 praetermisit

203 804 368 842 Salinas.
393 806 440 843 ad
465 808 628 859 Scriptt.
662 808 758 846 hist.
781 812 883 859 Aug.
917 824 955 860 p.
979 810 1071 847 385.
1131 808 1339 845 Nimirum
1373 822 1438 844 res
1472 806 1594 843 ducta

204 885 257 908 ex
279 872 427 910 sabulis
452 875 645 926 Satyricis
674 876 927 914 Graecorum
950 890 994 913 ac
1017 875 1208 913 translata
1228 889 1250 911 a
1276 875 1423 911 Silonis
1438 906 1449 922 ,
1487 885 1594 925 quo-

202 952 295 976 rum
323 940 367 977 in
389 942 477 978 istis
507 944 723 994 conspicua
756 944 967 992 calvities,
1027 939 1082 995 (v.
1103 942 1170 978 vel
1193 941 1383 993 Xenoph.
1410 942 1594 991 Sympos-

203 1005 278 1053 IV,
307 1020 366 1058 19.
395 1009 534 1059 ibique
558 1010 765 1056 Schneid.)
793 1010 842 1047 ad
874 1023 1137 1062 quoscunque
1169 1010 1375 1046 moriones
1411 1021 1525 1044 senes
1554 1014 1596 1044 et

203 1071 378 1110 ridicula
411 1077 552 1125 capita.
626 1077 743 1114 Cous.
774 1078 953 1114 Iuveual.
983 1079 1035 1123 V,
1078 1089 1166 1125 171.
1206 1089 1294 1125 172.
1354 1075 1511 1112 Stultus
1545 1087 1596 1110 ne

205 1139 327 1176 SimUl
359 1140 613 1193 κδραςᾳόρος
643 1145 810 1194 prodire
840 1145 883 1180 in
913 1150 1174 1193 conspccmm
1212 1143 1402 1189 deberet,
1446 1148 1485 1178 et
1514 1140 1596 1192 ipsi

206 1206 334 1243 Sileni
357 1208 604 1256 effecerunt,
641 1216 783 1261 utpote
803 1210 921 1261 plane
946 1217 1134 1260 cxpcri'es
1167 1210 1257 1246 talis
1278 1210 1344 1247 vel
1370 1209 1504 1246 oneris
1531 1208 1596 1246 vel

205 1279 396 1311 ornatus:
436 1290 663 1327 quanquam.
687 1277 729 1313 iu
755 1278 838 1314 vita
862 1278 1068 1313 communi
1101 1278 1217 1313 istius
1250 1278 1408 1326 generis
1443 1276 1596 1329 κέρατα

203 1340 284 1377 iam
315 1341 421 1392 apud
453 1349 613 1380 veteres
648 1344 852 1394 vigebant.
893 1357 931 1380 v.
964 1343 1163 1382 Artemid.
1205 1344 1417 1381 Oneirocr.
1449 1344 1503 1390 II,
1533 1354 1594 1380 12.

203 1421 242 1458 p.
274 1409 360 1445 155.
389 1409 507 1446 Reiss'.
538 1411 678 1449 Iacobs
710 1411 759 1448 ad
786 1411 939 1447 Lucilii
963 1410 1104 1461 Epigr.
1138 1412 1212 1448 IX.
1232 1410 1446 1448 Animadv.
1479 1411 1531 1458 II,
1557 1422 1598 1448 2.

205 1488 244 1525 p.
283 1476 375 1512 444.
405 1476 600 1515 Huschke
633 1479 673 1514 in
713 1479 829 1515 Aual.
869 1478 958 1514 crit.
991 1491 1030 1528 p.
1069 1478 1157 1515 168.
1195 1484 1237 1514 et
1268 1477 1466 1514 Henelius
1506 1476 1596 1514 Otii

207 1542 426 1581 Vratislav.
459 1559 491 1581 0.
535 1546 598 1593 47.
673 1544 950 1596 Colaphorum
984 1545 1267 1596 alaparumque
1296 1544 1458 1581 iniuriis
1492 1543 1598 1590 nihil

206 1608 462 1661 frequentius
484 1612 526 1648 in
553 1613 703 1655 11111110,
746 1619 863 1664 atquc
888 1613 1055 1649 istarum
1089 1612 1254 1649 omnino
1276 1611 1393 1649 valde
1420 1625 1596 1648 consue-

206 1681 271 1713 tus
310 1677 353 1714 111
384 1678 491 1715 ludis
523 1680 698 1717 mimicis
732 1680 880 1717 abusus
916 1679 1007 1717 suit.
1054 1679 1115 1716 Cf.
1152 1679 1332 1717 Iuvenal.
1365 1680 1445 1715 Saf.
1477 1679 1595 1727 VIII,

211 1756 299 1794 192.
367 1745 455 1782 Hac
496 1748 744 1785 scurrilitate
788 1747 925 1785 multis
966 1747 1174 1799 variisque
1209 1746 1339 1784 modis
1376 1747 1595 1784 utebantur

204 1811 441 1863 planipedes
475 1814 524 1851 ad
551 1815 694 1865 populi
737 1815 952 1865 spectantis
990 1813 1311 1853 delectationem.
1388 1814 1598 1852 Nonnulla

206 1877 257 1915 ad
279 1893 366 1917 rem
391 1887 484 1932 apte
518 1882 675 1919 notavit
697 1880 862 1919 Miiller.
892 1882 918 1918 l.
960 1895 993 1919 c.
1015 1895 1053 1932 p.
1091 1894 1155 1933 92.
1213 1880 1496 1919 Discernenda
1520 1894 1594 1918 au»-

205 1952 289 1984 tem
328 1947 449 1985 huius
484 1949 730 2000 ignominiae
765 1948 920 2000 duplex
951 1949 1081 1998 ratio,
1119 1963 1200 1986 una
1219 1946 1435 1995 κονδύλους
1458 1949 1594 2001 ἐντρί-

205 2025 316 2065 ψαι,
365 2016 493 2053 altera
532 2012 639 2057 καῑοῖ
676 2014 827 2070 κόρῥης
864 2013 1059 2064 πατάξαι.
1138 2017 1205 2053 De
1233 2016 1303 2053 illa
1330 2030 1370 2054 v.
1407 2017 1513 2054 Toll.
1544 2016 1595 2054 ad

206 2081 380 2132 Longin.
423 2097 462 2134 p.
501 2085 594 2121 232.
638 2084 687 2120 de
724 2084 798 2122 hac
835 2085 1079 2135 Harpocra„
1117 2084 1222 2121 Lex.
1253 2083 1382 2121 Oratt.
1420 2085 1493 2122 sub
1527 2085 1596 2125 ἐπὶ

207 2146 360 2204 κῶῤῥης·
379 2156 419 2187 et
439 2150 672 2188 Hemsterh.
704 2151 753 2188 ad
788 2151 957 2188 Lucian.
995 2152 1042 2188 T.
1066 2151 1096 2187 Ι.
1121 2165 1159 2202 p.
1184 2152 1276 2202 493.
1304 2152 1393 2201 Bip.
1455 2152 1596 2189 Genus

205 2223 428 2270 utrumque
462 2219 505 2256 in
532 2232 650 2255 scena
681 2219 987 2270 frequentatum
1019 2217 1278 2254 effusissimos
1313 2219 1357 2255 in
1393 2219 1596 2256 subselliis

206 2285 312 2322 risus
338 2286 490 2333 ciebat,
533 2285 694 2337 quaudo
733 2292 803 2324 aut
836 2286 983 2322 stultus
1016 2285 1138 2335 alapis
1179 2299 1222 2321 os
1244 2286 1485 2336 praebebat,
1526 2291 1598 2323 aut

205 2352 294 2403 ipsa
317 2352 446 2390 Mima
468 2351 646 2403 colaphis
682 2352 846 2403 indigne
871 2351 1204 2404 perfundebatur.
1262 2352 1420 2390 Recens
1452 2367 1596 2391 exem-

207 2421 319 2471 plum
342 2420 403 2457 rei
426 2426 608 2457 vetustae
633 2435 692 2471 ap.
716 2421 885 2471 Procop.
926 2419 1125 2456 Anecdot.
1150 2419 1362 2458 Alemaun.
1381 2434 1419 2471 p.
1458 2421 1522 2458 42.
1544 2420 1595 2457 de

208 2487 446 2534 Theodora,
497 2488 570 2526 ista
603 2488 757 2526 famosa
801 2487 1093 2538 Imperatrice,
1152 2492 1271 2523 antea
1300 2487 1410 2524 inter
1443 2488 1594 2524 Mimos

205 2554 438 2605 turpissima
457 2555 705 2605 prostibula,
740 2567 871 2606 neque
904 2559 1040 2591 tamen
1078 2554 1211 2591 miuus
1235 2555 1392 2605 egregie
1411 2555 1453 2592 in
1476 2567 1595 2592 scena

205 2622 356 2659 faceta:
396 2622 464 2662 καῖ
484 2618 652 2669 τοιαύτη
674 2637 737 2668 τις
757 2617 829 2672 ἦν,
851 2625 934 2662 ὀἷά
961 2621 1208 2675 ῥαπιζομένη
1242 2622 1315 2674 μέν
1350 2637 1391 2662 τε
1416 2621 1484 2661 καὶ
1519 2637 1596 2660 κα-

203 2685 256 2730 τοῖ
279 2684 432 2745 κόρῥης
454 2690 741 2742 πατασσομένη
764 2689 1029 2746 χαριεντίζειν
1054 2704 1094 2730 τε
1124 2690 1193 2731 καὶ
1215 2689 1386 2742 μέγιστα
1410 2684 1595 2742 οἷνακαγ-
