1686 3089
485 203 558 248 IN
601 203 841 246 IVVEN.
884 203 1025 248 SAT.
1065 205 1141 246 XI.
1408 207 1489 253 611

100 325 207 359 extr.
222 319 312 357 Son:
331 318 452 358 cons.
481 319 530 358 ad
545 321 665 360 Helv.
683 336 716 359 c.
737 334 795 360 10.
821 321 869 359 al.
901 319 964 358 Cs.
990 334 1076 373 sup.
1097 319 1145 358 ad
1174 321 1227 369 ΙΙ,
1243 321 1280 360 5.
1327 319 1501 364 Eadem·

95 389 149 426 de
170 387 214 426 C.
239 388 427 426 Fabricio
448 388 630 428 Luscino
653 389 775 426 tradit
797 389 888 426 Seu.
910 387 959 426 de
981 402 1098 439 prov.
1119 402 1152 425 c.
1174 389 1210 427 3.
1280 390 1480 430 Olascula

89 469 168 506 pro
202 456 398 494 vilissimo
434 456 514 493 cibi
548 469 719 506 genere,
776 463 823 493 ut
864 470 924 507 ap.
960 456 1102 494 Horat.
1131 456 1212 493 Sat.
1238 457 1292 504 II,
1313 470 1349 506 2,
1386 471 1474 505 ¹17-

92 521 157 560 Cs.
193 522 400 561 Ammiani
431 523 571 574 Epigr.
610 523 708 561 XX.
745 524 788 562 in
823 518 1000 561 Brunck.
1029 523 1140 561 Anal.
1168 523 1214 560 Τ.
1239 525 1291 562 ΙΙ.
1318 540 1354 576 p.
1381 527 1475 565 588.

89 589 284 628 Notanda
320 591 441 628 etiam
472 588 512 626 h.
545 590 571 627 1.
600 590 779 642 epitheta
812 605 947 642 pat-1¹0
980 597 1020 628 ct
1045 591 1247 629 brevibus.
1278 612 1324 619 --
1413 596 1476 633 80.

87 655 201 694 Bene
224 657 360 696 vilitas
386 657 572 694 ciborum
597 659 845 710 exprimitur
860 687 871 707 ,
898 659 1022 696 etiam
1046 659 1351 709 comparatione
1372 666 1478 699 teni-

86 737 248 775 porum.
309 724 376 762 Cf.
397 725 509 762 Pers.
533 725 606 774 VI,
629 727 694 766 40.
755 726 873 763 Servi
898 718 1037 764 autem'
1067 726 1324 777 ergastularii
1355 728 1478 778 pedi-

87 790 164 828 bus
198 791 351 839 vincti,
391 792 514 830 etiam
544 807 669 844 quum
706 807 806 844 opus
827 794 869 830 in
891 806 986 843 agro
1007 793 1201 831 facerent.
1262 793 1326 832 Cs.
1356 795 1480 834 Ovid.

87 870 142 894 ex
165 857 297 896 Ponto
318 859 348 906 I,
373 859 410 908 6,
434 861 498 898 51.
523 861 586 898 52.
620 860 697 910 (cx
730 874 810 912 quo
842 861 932 898 loco
962 861 1089 898 verba
1125 862 1321 912 quaedam
1351 865 1480 915 petita

85 923 310 978 videntur)
341 927 447 966 Plin.
485 928 647 975 XVIII,
679 928 716 965 3.
751 933 791 964 et
821 927 935 979 Lips.
965 928 1096 965 Elect.
1120 929 1175 973 II,
1208 929 1267 967 15.
1297 951 1353 960 --
1412 934 1476 971 81.

84 995 297 1039 meminit,
341 994 437 1046 quia
471 1001 565 1033 ante
602 996 847 1033 servitutem
869 1009 952 1033 non
977 1009 1099 1046 parce
1122 1005 1389 1036 consueverat
1411 1000 1479 1036 vi-

81 1071 193 1098 ·vere.
308 1063 414 1111 quid
430 1065 600 1112 sapiat,
632 1077 775 1112 quem,
803 1062 843 1097 h.
874 1078 907 1097 e.
935 1073 1055 1110 quani
1080 1060 1259 1106 bonum,
1288 1076 1477 1115 saporem

80 1125 253 1175 habeat,
295 1134 342 1164 ut
378 1127 452 1165 ins.
492 1141 530 1166 v.
567 1139 654 1166 121.
699 1128 766 1165 nil
805 1127 998 1164 rhombus
1029 1130 1144 1178 sapit
1179 1135 1219 1165 et
1253 1129 1392 1170 Germ.
1434 1149 1476 1171 es

80 1193 289 1232 schmeekt
321 1195 430 1232 naelz
464 1195 627 1240 nidus,
667 1195 735 1232 vel
768 1194 891 1232 mella
927 1193 1096 1231 herbam
1136 1197 1312 1246 sapiunt
1349 1197 1473 1250 (Pliu.

80 1261 160 1310 XI,
191 1263 250 1310 8.)
282 1267 324 1300 et
348 1262 517 1311 similia,
547 1263 618 1300 ubi
632 1262 807 1301 verbum
826 1276 970 1312 sapere
995 1261 1062 1299 vel
1084 1275 1222 1313 propr.
1241 1264 1292 1302 de
1313 1280 1472 1317 sapore,

81 1330 151 1368 vel
191 1329 240 1367 de
284 1329 410 1368 odore
452 1329 684 1368 adhibetur.
724 1327 819 1381 (Cf.
861 1329 991 1380 intpp.
1025 1328 1199 1368 Phaedr.
1230 1332 1305 1381 ΙΙΙ,
1333 1336 1369 1382 4,
1401 1336 1476 1387 3.)

78 1396 225 1437 'Vulva
263 1397 381 1435 suilla
413 1398 458 1436 in
489 1397 647 1434 deliciis
685 1403 771 1434 erat
799 1397 1023 1445 Romanis,
1073 1403 1114 1434 ct
1147 1400 1272 1449 magis
1305 1401 1476 1452 quidem

78 1464 286 1514 eiectitia,
344 1471 531 1502 extracta
573 1470 691 1502 utero
729 1464 870 1501 matris
914 1465 1191 1514 praegnantis,
1242 1465 1473 1522 ἑκβόλιμος,

84 1526 272 1585 ἐκβολας,
297 1528 434 1585 μήτρα
464 1529 695 1584 ἐκβολάδος,
723 1531 853 1569 eiecto
876 1544 951 1581 pei
976 1531 1165 1569 abmtum
1189 1541 1323 1584 partu,
1352 1551 1474 1588 quam

78 1600 289 1667 porcaiia‚
335 1605 456 1654 paitu
485 1599 595 1637 edito
633 1598 814 1649 legitimo
839 1603 1026 1649 tempore
1047 1612 1092 1636 ac
1116 1602 1307 1639 nascendi
1337 1605 1474 1645 niodo.

79 1666 148 1706 Cf.
168 1668 337 1719 Apicius
369 1665 420 1703 de
451 1679 497 1704 re
533 1666 656 1704 culin.
686 1665 782 1713 VII,
817 1678 849 1703 1.
880 1665 985 1703 Plin.
1011 1665 1125 1715 V,111
1149 1669 1212 1706 51.
1237 1676 1279 1707 et
1305 1671 1382 1720 XI,
1405 1674 1470 1723 37.

80 1748 114 1774 s.
140 1735 205 1772 84.
236 1730 380 1786 (ubiv.
407 1732 557 1783 Hard.)
590 1732 769 1770 Mutial.
791 1733 888 1778 VII,
918 1745 980 1783 19,
1008 1746 1068 1772 11.
1096 1734 1216 1783 XIH,
1247 1736 1310 1775 56.
1323 1738 1472 1779 Horat.

77 1799 208 1852 Epist.
231 1800 264 1848 I,
294 1801 354 1847 15,
376 1800 440 1837 41.
464 1805 505 1836 et
527 1800 632 1850 inpr.
654 1798 803 1836 Athen.
817 1798 892 1842 III,
922 1810 981 1847 17.
1005 1812 1070 1837 21.
1087 1812 1151 1838 22.
1185 1799 1269 1854 (51.
1285 1805 1370 1853 57—
1386 1808 1472 1858 59.)

77 1882 118 1921 p.
142 1868 206 1920 96.
230 1873 272 1906 et
301 1880 377 1906 100
392 1880 473 1918 seq.
592 1867 733 1904 Vulva
769 1867 979 1915 popinae,
1020 1866 1195 1905 delicate
1228 1881 1469 1924 praeparata

76 1936 122 1974 in
147 1937 316 1987 popina,
349 1933 587 1972 deversorio
619 1932 855 1983 gulosorum
887 1930 1124 1983 hominum,
1165 1938 1356 1982 calidae,
1396 1942 1469 1980 ubi

75 2009 279 2056 perpetuo
300 2002 405 2053 ignis
431 2007 492 2039 est
506 2001 549 2038 in
571 2001 663 2038 foco
688 2006 727 2037 et
740 2000 819 2037 cibi
833 2006 1042 2051 parantur.
1101 2001 1166 2040 Cf.
1180 2004 1230 2042 ad
1242 2006 1358 2055 VIII,
1377 2008 1466 2047 168.

63 2069 71 2077 “
191 2071 241 2108 82
271 2083 355 2120 seq.
412 2068 638 2106 Annotatio
668 2067 838 2105 Casaub.
861 2067 910 2105 ad
930 2067 1080 2106 Athen.
1108 2071 1139 2118 J,
1161 2084 1220 2109 10.
1241 2085 1278 2122 p.
1298 2074 1358 2111 15.
1384 2081 1465 2113 est:

74 2137 210 2188 „Satis
232 2141 395 2174 constat
414 2141 497 2173 tam
529 2149 583 2173 ex
604 2136 726 2173 sacris
754 2150 872 2187 quam
902 2135 990 2173 aliis
1012 2136 1163 2186 literis,
1194 2139 1337 2189 primis
1358 2146 1467 2180 tem—-

76 2205 267 2257 poribus,
291 2203 429 2253 ignota
454 2201 686 2240 hominibus
718 2204 900 2241 carnium
931 2204 1265 2255 manducatione,
1305 2213 1465 2249 tantum

75 2270 338 2310 inhonorem
360 2269 539 2307 numinis
562 2271 732 2308 mactari
761 2270 898 2307 solitas
932 2269 1095 2310 hostias.
1153 2273 1295 2324 Piguit
1323 2282 1467 2326 postea

76 2337 270 2378 mortales
297 2337 455 2374 olerum
482 2342 521 2374 et
543 2335 615 2386 τῆς·
641 2333 806 2391 αἠὐρου
839 2337 1017 2390 τροφῆς-ε
1060 2340 1196 2391 itaque
1226 2355 1399 2393 coepere
1422 2350 1465 2382 et

75 2406 155 2457 ipsi
176 2405 364 2442 carnibus
392 2403 526 2452 vesci,
557 2405 627 2441 sed
658 2419 779 2456 peuce
806 2407 925 2444 initio
949 2414 991 2444 et
1012 2407 1102 2444 scie
1137 2421 1221 2445 non
1256 2410 1335 2447 nisi
1366 2411 1464 2448 sali-

77 2473 174 2511 tis.“
258 2472 394 2516 Sta-ci,
426 2471 541 2510 sumo
566 2472 770 2521 exsiccati,
797 2471 850 2525 (v.
875 2473 924 2510 ad
949 2475 988 2512 V
990 2474 1042 2521 II,
1079 2476 1191 2525 119.)
1219 2484 1309 2528 terg
1288 2491 1337 2514 σα
1361 2481 1462 2523 suis,

77 2546 125 2578 ut
147 2553 245 2577 mox
271 2539 445 2577 lardum.
525 2540 757 2590 pendentia
779 2540 822 2577 in
849 2541 1032 2578 cainario
1054 2554 1135 2579 non
1154 2544 1301 2593 piocul
1326 2559 1345 2580 a
1369 2545 1464 2584 foco

79 2619 103 2644 e
129 2615 241 2644 crate
265 2606 399 2657 lignea
423 2611 466 2644 et
492 2621 614 2654 rara,
643 2620 723 2644 non
753 2607 899 2655 densa,
930 2615 973 2646 1ιί
990 2615 1115 2646 vento
1140 2610 1306 2662 aerique
1337 2613 1463 2662 magis

77 2673 220 2724 pervia
241 2679 395 2722 essent,
437 2679 487 2711 ut
506 2688 607 2711 rara
636 2675 717 2711 tibi
746 2683 863 2711 ezer-la
901 2677 1106 2714 craticula
1126 2677 1242 2715 sudet
1264 2679 1391 2730 osella
1418 2681 1460 2717 in

77 2738 257 2778 Martial.
295 2740 413 2789 XIV,
450 2752 544 2779 221.
616 2741 837 2781 Veteribus
865 2755 970 2792 non,
1017 2745 1155 2796 quales
1202 2745 1320 2783 nobis
1353 2750 1459 2794 sunt,

963 2811 1040 2863 Ως
1073 2823 1095 2850 2
