1686 3089
201 172 285 225 450
599 171 1180 215 COMMENTARIVS

199 296 325 349 soliis
360 292 680 345 refrigeratoria
718 291 806 327 ris?
857 301 958 340 quos
991 296 1134 324 enecat
1143 314 1157 331 ,-
1199 289 1414 339 incipiunt
1450 289 1588 338 algere

204 363 258 401 ab
308 359 637 398 extremitatibus
689 357 882 406 eorporis.
962 354 1158 392 Remedio
1206 363 1288 398 est,
1337 357 1591 406 priusquam

204 430 422 480 perveniat
463 426 522 464 acl
556 426 733 468 vitalia,
783 424 877 459 vini
924 431 1079 460 natura
1123 422 1434 473 excalfactoria.
1509 421 1594 458 Sed

206 499 253 533 in
283 498 379 533 vino
403 502 509 545 pota
538 490 856 530 irremediabilis
885 491 1145 527 existimatur
1174 496 1249 526 cet.
1314 488 1470 526 Eadem
1504 495 1592 526 tra-

206 563 268 605 dit
284 563 473 600 Dioscor.
500 561 571 607 lV,
600 571 662 610 79.
687 564 728 595 et
747 558 790 594 in
810 556 929 594 Alex.
952 570 985 594 c.
1014 570 1074 595 11.
1145 556 1330 594 Scribon.
1351 556 1508 606 Largus
1543 555 1595 592 de

205 643 383 681 compos
415 627 623 665 medicam.
672 637 761 678 179.
802 624 989 662 Cicutam
1014 633 1161 675 potam
1194 625 1333 674 caligo
1365 626 1594 674 mentisque

204 699 408 736 alienatio
441 703 479 732 et
511 702 676 731 artuum
703 692 863 744 gelatio
887 693 1146 743 insequitur;
1178 692 1400 741 ultimoque
1420 691 1596 740 praefo-

205 773 381 806 cantur,
426 762 498 813 qui
534 774 623 797 eam
659 768 917 803 sumserunt,
968 759 1158 810 nihilque
1198 760 1391 795 sentiunt.
1459 755 1593 794 Schol-

202 832 316 870 Pers.
350 831 414 877 V,
464 828 553 866 145.
591 828 739 875 Cicuta
774 827 950 864 calorem
998 829 1042 863 in
1079 827 1198 863 nob-is
1233 826 1410 876 frigoris
1449 826 1528 873 sut
1551 826 1596 861 vi

204 898 458 949 exstiti—guin
500 894 608 932 unde
633 894 862 932 sacerdotes
884 894 1042 931 Cereris
1063 894 1302 930 Eleusiniae
1325 892 1482 943 liquore
1506 893 1596 928 eius

203 966 496 1017 ungebantur,
527 971 570 999 ut
600 976 626 998 a
653 962 875 999 concubitu
897 962 1159 1000 abstinerent.
1580 964 1584 965 ⁷

315 1043 394 1079 207
417 1041 570 1067 -210.
638 1028 852 1065 Praeclare
887 1035 1026 1066 mouet
1055 1034 1201 1078 poeta,
1240 1032 1392 1078 quanto
1428 1026 1596 1077 aequius

202 1099 512 1150 sapientiusque
550 1096 750 1134 iudicium
789 1094 840 1133 (le
880 1095 1073 1145 dignitate
1113 1100 1428 1146 praeceptorum
1456 1093 1596 1144 prisci,

203 1179 326 1217 quam
351 1164 601 1202 recentiores
617 1193 626 1210 ‚
657 1162 833 1199 Romani
859 1162 1050 1209 tulerint,
1081 1175 1230 1213 eosque
1259 1168 1479 1213 propterea
1504 1166 1597 1213 post

202 1238 379 1270 mortem
404 1232 523 1268 etiam
547 1229 740 1267 colendos
765 1228 865 1265 dicit
890 1233 930 1265 et
954 1242 1092 1266 amore
1122 1229 1313 1279 votisque
1342 1242 1598 1280 prosequem-

199 1300 294 1337 dos.
352 1298 524 1335 Utinam
551 1303 591 1333 et
620 1302 759 1333 nostra
791 1302 924 1332 aetate
953 1302 1036 1333 tam
1072 1303 1284 1348 parentes,
1323 1310 1442 1348 quam
1474 1296 1598 1334 libeni

203 1379 348 1404 eorum
387 1365 545 1415 ipsique
580 1369 868 1414 praeceptores
897 1363 1026 1414 probe
1062 1377 1263 1401 memores
1299 1362 1421 1400 huius
1453 1361 1600 1402 iudicii

205 1434 364 1471 essent!
447 1431 704 1478 Alexander,
755 1430 993 1468 Aristotelis
1030 1430 1279 1483 discipulus,
1318 1430 1416 1468 olim
1441 1429 1599 1467 dixisse

201 1501 362 1539 fertur:
419 1498 765 1547 Praeceptor-ibus
784 1497 930 1547 plura,
958 1511 1086 1548 quccm,
1108 1500 1214 1548 ipsis
1235 1498 1498 1549 parentibus,
1521 1497 1596 1533 de-

204 1568 359 1609 bemus,
390 1579 514 1617 (sumn
537 1564 588 1601 ab
613 1563 679 1599 liis
705 1564 886 1606 riv-endi,
907 1564 959 1600 ab
985 1565 1071 1600 illis
1086 1564 1185 1601 bene
1206 1564 1377 1601 vivendi
1391 1567 1596 1601 rationem

205 1634 507 1684 adipiscamur.
578 1630 643 1668 Cs.
679 1630 754 1668 ins.
791 1644 830 1669 v.
869 1631 963 1669 238.
986 1632 1079 1683 239.
1110 1632 1202 1669 Sen.
1228 1630 1278 1668 de
1300 1632 1399 1669 Ben.
1425 1632 1499 1679 VI,
1532 1631 1594 1670 16.

201 1706 315 1739 extr.
341 1699 517 1748 Quintil.
542 1698 597 1741 II,
621 1710 658 1735 2.
682 1703 724 1736 et
749 1710 786 1749 9.
810 1711 872 1749 pr.
903 1720 955 1727 —
1015 1710 1109 1749 207.
1137 1700 1219 1736 Dii
1241 1712 1296 1736 sc.
1310 1697 1416 1746 date,
1440 1712 1469 1735 s.
1485 1698 1596 1735 dent.

204 1770 410 1806 maiorum
441 1771 677 1803 nostrorum
709 1766 890 1810 umbris,
932 1765 1150 1812 Manibus3
1190 1778 1274 1803 non
1299 1765 1498 1817 sepulcris
1507 1795 1519 1814 ‚
1549 1766 1596 1803 iu

206 1835 358 1888 quibus
382 1833 548 1871 arbores
573 1832 846 1880 umbriferae,
874 1837 921 1869 ut
953 1832 1120 1883 putabat
1141 1831 1377 1883 Grangaeus
1394 1862 1404 1881 ‚
1440 1833 1511 1884 qui
1532 1839 1598 1870 ta-

204 1916 301 1940 men
320 1914 418 1939 mox
442 1906 593 1948 monet,
617 1905 779 1937 veteres
804 1899 984 1936 Graecos
1004 1913 1048 1936 ac
1069 1899 1274 1937 Romanos
1297 1899 1530 1945 credidisse,
1553 1899 1599 1938 iu.

209 1970 309 2021 ipsis
341 1967 538 2018 sepulcris
574 1973 832 2004 mortuorum
867 1967 1019 2004 animas
1053 1980 1134 2003 una
1172 1980 1265 2004 cum
1302 1967 1542 2019 corporibus
1565 1980 1598 2005 s,

205 2037 346 2074 cinere
369 2034 665 2086 aliquantulum
691 2033 872 2072 residere
909 2034 1076 2085 ipsaque
1111 2034 1218 2071 mole
1248 2034 1440 2085 ponderis
1479 2034 1599 2081 affici,

205 2103 319 2141 unde
349 2102 527 2138 solennis
559 2108 746 2139 veterum
779 2101 951 2138 mortuis
983 2101 1088 2138 bene
1108 2101 1303 2152 precandi
1329 2101 1506 2139 formula
1515 2130 1526 2150 ,
1551 2101 1597 2139 in

207 2169 409 2222 sepulcris
436 2169 558 2205 etiam
582 2168 702 2206 obvia
727 2168 766 2204 S.
791 2167 840 2204 T.
867 2168 916 2204 T.
938 2167 1006 2215 L.,
1031 2166 1070 2204 h.
1095 2181 1128 2205 e.
1151 2170 1206 2205 sit
1229 2168 1310 2205 tibi
1339 2177 1450 2206 terra
1476 2169 1594 2212 levis,

208 2243 250 2274 et
283 2236 357 2273 Gr.
385 2231 523 2286 κούφη
559 2233 613 2286 γῆ
637 2233 782 2276 τοῦτον
803 2230 1025 2283 καλύπτοι,
1068 2237 1146 2282 (ut
1170 2232 1209 2272 h.
1230 2235 1257 2272 l.
1286 2237 1423 2272 lenuis
1446 2243 1485 2272 et
1505 2237 1597 2272 sine

205 2302 388 2354 pondere
407 2311 516 2340 terra
527 2329 541 2346 ,
573 2307 615 2338 et
633 2301 741 2353 apud
761 2301 860 2339 alios
879 2301 1119 2352 scriptores,
1157 2304 1213 2340 sit
1233 2302 1336 2339 levis
1362 2315 1500 2353 cespes
1525 2306 1597 2340 aut

210 2372 387 2421 cippus,
416 2375 457 2407 et
477 2370 658 2406 molliter
693 2382 789 2407 ossa
822 2369 970 2406 cubent
1000 2368 1069 2407 vel
1099 2371 1336 2421 quieseant)
1374 2374 1420 2406 ut
1456 2376 1596 2407 contra

207 2437 472 2474 inimicorum
513 2437 838 2474 exsecrationes:
887 2439 943 2473 sit
975 2436 1057 2473 tibi
1083 2445 1196 2474 terra
1235 2438 1408 2488 gravis,
1447 2444 1597 2487 uigeat

210 2517 301 2542 ossa
342 2505 478 2556 lapi-3,
517 2504 675 2542 duriter
709 2517 802 2541 ossa
828 2503 986 2541 cubent.
1013 2499 1054 2523 ²³⁰
1080 2525 1136 2534 —
1191 2505 1284 2541 208.
1310 2502 1460 2540 Priscis
1486 2508 1594 2540 tem—

244 2602 311 2633 eo.
361 2602 416 2634 Cf.
446 2601 569 2634 Jacobs
589 2601 632 2633 ad
649 2601 792 2634 Anthol.
807 2599 871 2634 Gr.
926 2603 956 2637 Ι.
993 2612 1028 2636 n.
1070 2598 1144 2635 145.
1198 2599 1348 2639 casaub,
1383 2600 1426 2633 ad
1446 2601 1539 2636 Pers.
1561 2598 1591 2642 I,

209 2658 251 2690 T.
278 2656 306 2688 I.
330 2670 364 2700 p.
388 2657 462 2691 133.
508 2658 714 2692 Kirchman.
734 2658 777 2690 de
795 2658 870 2689 sun.
927 2659 983 2702 57.

209 2714 311 2747 Rom.
333 2713 395 2756 111,
418 2725 450 2758 9.
506 2715 655 2748 Brisson.
687 2715 732 2748 de
764 2716 871 2748 form.
