1686 3089
497 207 569 250 IN
610 203 853 250 IVVEN.
896 206 1039 251 SAT.
1079 208 1194 251 VIII.
1417 214 1499 260 483

105 339 221 366 mens
245 330 408 363 tantum
431 338 523 362 mea
542 332 581 363 et
607 338 709 364 vana
737 323 898 376 opinio,
927 323 1009 361 nisi
1032 324 1168 373 malis,
1194 339 1277 364 non
1309 333 1369 366 est
1399 343 1496 369 sen-

104 394 234 432 tentia
256 399 417 443 arguta,
449 395 657 445 (witziger
674 392 846 444 Einfizll
864 390 1040 439 Bahrdt,
1071 391 1145 429 Gr.
1169 389 1327 445 γνώμη)
1355 411 1495 437 weram

100 461 277 505 credite,
307 474 368 497 me
394 461 508 498 vobis
529 462 685 512 folium
705 462 879 498 recitare
901 459 1099 509 Sibyllae,
1129 460 1233 498 illud
1254 475 1336 500 non
1358 466 1493 504 minus

104 534 264 565 certum
299 542 408 575 esse,
451 530 580 579 quam'
605 527 715 579 quod
752 527 961 564 oraculum
998 533 1069 564 aut
1097 528 1253 578 Sibylla
1271 529 1395 580 dicit3
1426 534 1495 581 (ut

101 594 301 646 ap.Ovid.
318 594 364 631 A.
386 595 434 632 A.
462 595 515 643 II,
537 596 629 633 541.
652 596 775 632 Haec
794 595 966 632 tibinon
987 594 1200 643 hominem,
1226 597 1300 633 sed
1321 612 1493 648 quereus

100 665 218 701 crede
253 664 463 714 Pelasgas
487 663 666 706 Dicere,
709 668 750 699 et
773 675 861 713 sup.
887 661 961 709 VI,
995 662 1088 699 554.
1117 663 1281 700 credent
1314 679 1340 702 a
1364 667 1489 716 sonte

96 730 278 768 relatum
300 731 574 775 Hammonis)
604 729 698 777 vel,
736 728 845 780 quod
882 728 1044 777 malim,
1085 729 1265 777 credite,
1304 745 1370 770 me
1405 747 1496 772 non⁴

95 808 199 835 vana
233 797 470 834 coniectura
501 797 714 847 augurari,
761 796 993 847 provincias
1039 797 1145 834 male
1193 797 1489 838 administratas

95 864 197 902 olim
221 878 243 901 a
263 864 380 902 nobis
402 863 634 901 defecturas
660 877 758 900 esse.
819 863 885 900 Sic
914 877 1055 914 magna
1077 865 1140 901 vis
1161 865 1267 902 inest
1300 864 1364 903 his
1392 881 1492 905 ver-

93 931 158 969 bis
186 938 227 968 et
252 931 411 968 civibus
437 933 520 968 suis
543 930 762 968 admodum
786 930 975 968 salutaria
998 930 1141 968 suadet
1167 940 1297 982 poeta.
1341 934 1491 986 Neque

93 997 244 1036 inanis.
268 998 398 1042 videri
432 1005 595 1050 poterat
626 1005 716 1036 tum
752 998 947 1049 temporis
982 997 1083 1036 haec
1117 998 1367 1049 praedictio,
1422 1004 1496 1042 cui

93 1065 217 1103 etiam
244 1073 413 1103 eventus
438 1066 665 1118 respondit.
696 1087 749 1096 -—-
814 1065 902 1104 126.
922 1065 1111 1116 solium,
1150 1067 1372 1106 oraculum.
1422 1071 1492 1107 Si-

91 1131 244 1182 byllam
278 1134 386 1170 enim
417 1133 663 1179 Cumanam,
715 1132 946 1183 priscorum
981 1131 1195 1171 hominum
1229 1147 1345 1173 more
1357 1151 1378 1180 ,·
1411 1135 1490 1189 (de

92 1203 176 1251 quo
204 1213 241 1237 v.
268 1200 396 1238 Hard.
422 1200 471 1238 ad
495 1201 601 1238 Plin.
630 1200 750 1247 XIII,
781 1195 861 1253 11.)
904 1200 948 1237 in
981 1200 1208 1250 palmarum
1228 1203 1358 1252 soliis
1395 1219 1491 1243 ora-

93 1268 199 1310 cula.
216 1268 446 1319 scripsisse,
488 1268 630 1305 velex
658 1267 772 1317 Virg.
797 1266 900 1304 Aen.
926 1267 1005 1311 III,
1036 1269 1130 1305 445,
1157 1274 1199 1306 et
1231 1269 1304 1317 VI,
1331 1271 1381 1319 74
1405 1286 1489 1325 seq.

89 1336 239 1373 fiotum
262 1342 333 1373 est.
453 1346 542 1384 127.
573 1334 725 1372 Cohors
745 1334 957 1371 Praetoria
983 1335 1178 1373 dicuntur
1212 1338 1379 1375 comites
1413 1354 1489 1378 eo—

90 1414 211 1449 rum,
241 1403 312 1454 qui
335 1403 558 1453 provinciis
581 1402 900 1453 praeficiuntur,
931 1401 1106 1449 medici,
1148 1403 1327 1452 scribae,
1364 1419 1488 1456 prae-

89 1469 214 1518 fecti,
262 1468 522 1520 haruspices,
564 1483 806 1520 praecones,
848 1469 1018 1506 accensi.
1150 1484 1264 1506 nemo
1274 1500 1284 1518 ‚
1335 1474 1487 1523 nullus,

92 1537 402 1580 Aeersecomes,
435 1532 714 1588 α’κερσεκόμης
739 1550 768 1574 s,
799 1531 1094 1587 α’κειρεκόμης,
1123 1535 1332 1586 intonsus,
1360 1540 1488 1593 (quae

89 1611 290 1656 perpetua
314 1602 466 1641 Bacchi
489 1611 530 1641 ct
552 1602 964 1655 Apollinisepitheta
987 1601 1101 1653 sunt)
1129 1602 1335 1644 formosus
1367 1622 1488 1659 puer,

91 1677 134 1713 et
159 1671 325 1723 quidem
343 1671 381 1708 h.
407 1671 432 1708 l.
461 1670 674 1718 cinaedus,
699 1671 936 1719 caminum,
966 1670 1170 1721 pathicus.
1284 1674 1334 1711 Si
1354 1690 1486 1724 nemo,

89 1738 170 1776 tibi
201 1739 518 1789 gratiosissimus
553 1744 595 1776 et
629 1744 847 1789 corruptus
879 1738 926 1775 ab
962 1737 1074 1786 aliis,
1118 1738 1260 1776 vendit
1280 1742 1484 1788 tribunal,

89 1805 338 1843 sententiam
376 1820 399 1843 a
427 1812 470 1844 te
488 1805 625 1843 iudice
660 1805 884 1843 serendam.
915 1826 970 1834 —-
1045 1805 1133 1841 128.
1176 1805 1224 1842 Si
1256 1808 1419 1846 nullum
1439 1811 1488 1848 in

91 1873 268 1923 coniuge
296 1874 473 1920 crimen,
501 1872 535 1909 si
560 1872 713 1911 coniux
739 1877 809 1908 tua
835 1884 968 1922 neque
991 1871 1080 1922 ipsa
1110 1871 1209 1922 quid
1240 1876 1371 1927 rapit,
1408 1891 1491 1915 ne-.

87 1953 169 1991 que
194 1946 235 1976 te
268 1939 493 1989 cupiditate
519 1939 587 1977 vel
613 1938 819 1989 rapiendi,
849 1939 927 1985 vel,
957 1937 1067 1989 quod
1085 1952 1128 1975 se
1151 1942 1360 1992 corrumpi
1371 1957 1488 1993 passa.

87 2012 172 2055 est,
209 2008 454 2045 sententiam
490 2006 630 2057 inique
670 2005 834 2043 serendi
870 2005 1024 2043 incitat.
1094 2005 1158 2042 Cf.
1183 2008 1349 2047 omnino
1387 2011 1485 2049 Tac.

84 2076 194 2112 Ann.
228 2075 304 2123 ΙΙΙ,
336 2076 401 2112 33.
436 2074 577 2124 ibique
609 2073 727 2123 Lips.
859 2085 947 2125 129.
989 2074 1240 2122 Conventus,
1267 2077 1411 2125 urbes,
1440 2079 1486 2116 in

87 2142 235 2193 quibus
274 2141 414 2179 sorum
437 2147 716 2178 &conventus
747 2140 958 2178 iudiciales
979 2141 1213 2190 agebantur.
1253 2156 1292 2181 v.
1316 2143 1487 2184 Ernesti

86 2210 190 2249 clav.
217 2207 302 2247 Cic.
423 2209 510 2247 150.
542 2208 716 2245 Celaeno
740 2207 889 2245 cohors
911 2215 952 2246 et
977 2209 1132 2246 coniux
1165 2215 1234 2246 tua
1268 2224 1388 2248 avara
1420 2219 1485 2250 at·-

88 2290 169 2328 que
194 2276 459 2323 insatiabilis,
480 2276 549 2314 vel
572 2276 709 2327 potius
730 2276 899 2314 avaritia
923 2282 1013 2324 tua,
1054 2275 1095 2314 h.
1118 2290 1167 2318 ,e.
1205 2283 1250 2314 tu
1273 2280 1382 2328 ipse,
1412 2281 1484 2331 qui

88 2350 306 2383 avaruset
330 2357 458 2394 rapax
485 2344 722 2394 provinciae
753 2344 988 2394 praefectus
1013 2358 1069 2381 eS.
1127 2343 1210 2395 (Cs.
1233 2345 1282 2382 ad
1305 2359 1342 2383 v.
1371 2348 1483 2396 105.)

86 2409 263 2460 Proprie
289 2411 345 2448 ita
371 2409 582 2451 dicebatur
612 2425 689 2449 una
709 2412 1010 2462 Harpyiarum,
1039 2411 1089 2447 de
1117 2424 1218 2462 qua,
1262 2418 1311 2449 ut
1339 2413 1388 2450 de
1411 2428 1482 2452 re—

87 2476 212 2528 liquis
249 2474 446 2529 Harpyiis
479 2486 698 2529 earumque
730 2479 889 2526 fornia,
919 2479 1152 2516 nominibus
1183 2484 1224 2515 et
1248 2481 1482 2531 rapacitate,

89 2556 130 2584 v.
167 2544 283 2594 Virg.
317 2545 418 2581 Aen.
454 2545 529 2592 ΙΙΙ,
572 2558 647 2584 211
674 2560 756 2597 seq.
786 2547 924 2597 ibique
949 2546 1097 2595 Heyne
1119 2546 1164 2582 in
1191 2546 1293 2582 Fxo.
1312 2547 1413 2586 ,VIL
1441 2555 1484 2587 et

91 2611 344 2649 IIerrmanni
358 2611 532 2663 Mythol.
560 2613 609 2650 T.
631 2614 661 2650 Ι.
684 2627 722 2664 p.
744 2617 836 2652 400.
895 2613 1095 2650 Similiter
1116 2612 1316 2662 Rutilius,
1355 2614 1483 2654 Iuve-

89 2677 224 2716 nalem
255 2679 457 2729 imitatus,
507 2694 650 2718 avaros
683 2682 927 2733 iniquosque
964 2681 1120 2717 iudices
1151 2680 1219 2718 vel
1252 2681 1483 2731 praefectos

89 2743 190 2785 dicit
213 2747 456 2799 Harpyias,
489 2762 665 2800 quarum
687 2749 924 2801 decerpitur
955 2748 1167 2799 unguibus
1189 2748 1322 2793 orbis,
1367 2748 1483 2799 Quae

946 2816 989 2854 H
1009 2815 1037 2854 h
1079 2829 1102 2856 :a
