1686 3089
239 192 321 235 642
641 182 1232 227 COMMENTAmvs

244 320 333 345 esse
356 303 598 352 Lausellam‚
628 301 679 341 de
703 315 780 353 qua
802 314 841 338 v.
865 300 940 349 VI,
964 300 1046 338 320
1062 313 1144 351 seq,
1173 304 1215 336 et
1233 299 1308 347 IX,
1337 311 1426 348 117.
1471 298 1631 335 Fuscus

243 376 354 413 sorte
377 372 509 420 idem,
554 370 670 408 cuius
702 367 853 406 mentio
884 367 932 405 fit
965 367 1086 416 XVI,
1116 367 1181 404 46.
1225 367 1315 414 (ubi
1350 381 1389 403 v.
1425 366 1534 416 not.)
1565 365 1633 403 vel

246 443 368 489 alius,
417 440 466 477 de
501 452 581 491 quo
616 451 654 475 v.
691 435 741 472 ad
774 434 848 482 IV,
874 447 962 473 112.
990 456 1046 465 -
1144 420 1211 472 46.
1244 434 1500 477 bascaudas,
1529 447 1636 480 vasa,

246 509 320 546 ubi
343 508 487 545 calices
507 506 769 550 lavabantur,
799 508 841 539 et
862 504 1054 551 cacabus3
1087 501 1222 540 Schol.
1272 500 1460 539 Conchae
1482 514 1637 548 aereae,

247 589 397 627 genera
425 586 636 620 vasorum3
685 570 840 621 Papias.
923 569 1112 608 Canistra
1136 569 1374 608 Britannica
1408 568 1638 619 (Basl;ets);

249 642 457 683 Marshall.
508 641 570 678 Cf.
598 638 774 677 Martial.
802 637 919 685 XIV,
944 651 1009 689 99.
1034 659 1090 668 —-
1161 639 1324 675 esc-aria
1352 649 1465 683 vasa,
1492 635 1642 682 lances,

252 712 426 748 multu-m,
449 709 624 753 caelati,
669 706 798 744 multa
831 718 945 754 vasa,
982 705 1022 742 h.
1042 706 1069 742 l.
1098 705 1245 756 pocula
1273 718 1394 742 aurea
1431 708 1644 753 argentea-

251 792 331 831 que
352 790 476 828 eaque
499 775 661 812 caelata.
748 775 813 821 47.
846 773 1097 811 Poculorum
1119 773 1299 824 pretium
1335 778 1506 822 augetur
1537 771 1646 807 anti—

252 846 407 897 quitate
434 849 475 881 et
500 843 696 893 dignitate
722 842 908 894 priorum
929 853 1219 891 possessorum.
1279 840 1440 878 biberat
1474 852 1525 876 ex
1550 851 1644 890 qao,

253 913 403 964 quibus
439 912 598 962 poculis
633 923 733 947 usus
775 909 924 948 suerat.
1005 917 1132 945 emtor
1171 909 1366 958 Olynthi,
1419 905 1649 957 PhiliPPUS,

256 978 486 1018 Alexandri
511 979 569 1015 M.
608 983 752 1028 pater,
797 977 867 1027 qui
901 975 1041 1013 multis
1071 976 1227 1013 artibus
1259 975 1416 1012 frustra
1445 986 1542 1011 usus
1573 977 1649 1019 est,

257 1055 304 1085 ut
332 1046 572 1096 Olynthum,
604 1044 825 1081 maximam
849 1043 947 1080 olim
969 1041 1170 1080 Thraciae
1199 1043 1356 1090 urbem,
1377 1038 1394 1061 ⁸
1419 1039 1652 1078 Athenien-

259 1115 366 1152 sium
392 1112 567 1163 imperio
597 1111 799 1162 eriperet,
834 1123 1004 1161 eamque
1027 1109 1191 1147 tandem
1213 1109 1345 1159 cepit,
1377 1106 1586 1146 Lasthene
1612 1112 1655 1144 et

258 1179 517 1231 Euthycrate
548 1179 723 1231 pecunia
756 1175 972 1229 corruptis.
1001 1190 1040 1215 v.
1065 1175 1280 1214 Demosth.
1306 1174 1500 1226 Olynth.,
1533 1173 1655 1213 Thu-

258 1248 350 1300 cyd.
379 1249 410 1296 I,
437 1249 488 1286 58
512 1260 594 1298 seq.
639 1251 681 1282 et
717 1245 892 1282 Diodor.
915 1245 1035 1288 XVI,
1069 1245 1134 1282 53.
1165 1246 1228 1283 54.
1256 1264 1310 1274 -—-
1367 1243 1573 1287 callidas,
1612 1254 1653 1281 v-

262 1316 409 1355 Iustin.
433 1315 510 1363 IX,
535 1316 572 1353 8.
629 1312 747 1351 Idem
770 1311 985 1363 Philippus
1014 1312 1152 1363 plures
1179 1312 1365 1351 civitates
1388 1311 1506 1359 emit,
1537 1310 1656 1357 (Sen.

261 1383 341 1434 Ep.
372 1382 462 1434 94.)
490 1388 532 1418 et
556 1381 769 1419 castellum
792 1380 891 1417 olim
924 1387 1249 1432 oppugnaturim,
1285 1379 1396 1432 quod
1415 1378 1659 1431 explorato—

263 1464 332 1490 res
358 1450 676 1487 munitissimum
702 1461 789 1485 esse
810 1447 1122 1492 nuntiaverant,
1167 1448 1413 1500 quaesivisse
1440 1461 1494 1485 ex
1515 1447 1565 1484 iis
1591 1445 1660 1483 di-

262 1518 400 1565 citur,
439 1518 479 1556 εἰ
501 1511 678 1570 χαλεπόν
705 1511 835 1560 οὕτως
873 1514 1000 1563 ἕστῖν,
1051 1511 1148 1562 ὥςτε
1176 1511 1271 1567 μηδ’
1296 1515 1391 1555 ὄνον
1416 1515 1683 1569 προς-ἐλθεῖν-

265 1585 438 1639 χρυσίον
468 1584 696 1635 κομίζοντα.
723 1580 743 1603 9
802 1582 960 1618 Poeaco
988 1595 1111 1619 aureo
1136 1584 1329 1632 pulvinis
1357 1583 1519 1619 subdito
1547 1581 1658 1618 Plu·-

268 1652 437 1702 lippum
472 1664 611 1701 regem
642 1650 817 1687 dormire
856 1650 1022 1686 solitam
1064 1649 1196 1687 tradit
1231 1650 1336 1687 Plin.
1372 1649 1583 1699 XXXIII,
1620 1649 1659 1687 5.

268 1732 302 1756 s.
328 1718 391 1756 14.

388 1787 439 1823 48
466 1798 546 1836 seq.
598 1784 726 1822 Poeta
762 1784 1037 1822 narrationem
1060 1785 1327 1836 interrumpit
1352 1791 1528 1837 quatuor
1565 1797 1663 1823 ver-

270 1854 385 1892 sibus
412 1852 598 1900 insertis,
648 1852 794 1903 quibus
816 1853 1067 1903 vituperatio
1098 1852 1314 1901 avaritiae,
1362 1853 1444 1890 illis
1462 1852 1665 1904 tempori-

275 1923 353 1959 bus
387 1919 584 1971 vigentis,
622 1924 665 1957 et
697 1920 783 1956 laus
814 1918 966 1957 Catulli
1003 1920 1276 1958 continentur.
1327 1921 1462 1964 alius,
1501 1913 1667 1971 praeter

279 1988 507 2024 Catullum.
562 1988 628 2038 49.
660 1995 811 2037 caput,
841 1987 980 2025 vitam.
1004 1988 1146 2035 rebus,
1185 1988 1247 2025 rei
1267 1987 1472 2035 familiari,
1503 1985 1664 2039 opibus'.

279 2056 347 2094 50.
377 2056 442 2092 51.
473 2055 576 2093 Non
599 2063 772 2105 propter
800 2057 951 2099 vitam,
981 2055 1092 2092 vitae
1117 2054 1402 2093 sustentandae
1423 2067 1560 2102 causa,
1579 2055 1668 2105 sa-

278 2125 399 2161 ciunt
435 2123 724 2173 patrimonia,
780 2135 877 2174 opes
911 2122 1134 2173 colligunt,
1202 2123 1397 2175 quidam,
1449 2121 1521 2158 sed
1561 2123 1667 2160 vitio

279 2194 398 2228 caeci
411 2217 424 2234 ,
470 2189 642 2227 avaritia
689 2190 919 2238 excaecati,
971 2199 1145 2241 propter
1192 2191 1457 2241 patrimonia
1501 2190 1666 2232 vivunt,

276 2262 428 2308 putant
453 2270 495 2294 se
526 2270 614 2294 eam
646 2258 697 2294 ob
726 2270 886 2295 causam
919 2257 1084 2305 vivere,
1134 2263 1181 2295 ut
1206 2270 1303 2309 opes
1330 2256 1549 2295 cumulent.
1598 2254 1664 2294 Cf.

280 2323 396 2371 VIII,
421 2325 484 2361 83.
513 2324 575 2362 84.
601 2330 643 2361 et
668 2324 718 2362 ad
741 2325 817 2373 XI,
843 2336 903 2363 11.
945 2324 1026 2362 Sed
1044 2324 1126 2363 vid.
1148 2325 1245 2364 Var.
1271 2324 1387 2362 Leot.
1409 2321 1446 2343 ¹0

332 2430 363 2462 8.
389 2443 421 2463 v.
453 2430 614 2474 Xenoph.
637 2432 716 2464 hist.
741 2432 804 2466 Gr.
827 2433 948 2467 lib.V.
1056 2445 1109 2470 ιο.
1132 2433 1238 2465 Multi
1273 2441 1371 2474 sunt,
1419 2434 1480 2474 qui
1507 2432 1551 2464 ob
1576 2431 1668 2464 hanc

284 2499 319 2531 p.
343 2488 463 2536 (155-
479 2491 553 2521 442.
588 2490 704 2532 lntpp.
732 2490 828 2523 Curt.
853 2491 950 2533 VIII,
1007 2502 1148 2524 causam
1162 2491 1335 2532 colligunt
1350 2491 1571 2533 patrimonia,
1583 2497 1668 2521 tan-

285 2545 319 2577 ὅ.
338 2556 368 2587 9.
395 2555 448 2589 19.
479 2545 566 2587 Nep.
588 2546 708 2589 Pelop.
735 2558 763 2579 1.
784 2556 815 2579 et
828 2548 949 2591 Steph.
993 2557 1084 2581 >tum
1112 2556 1151 2579 ut
1183 2547 1352 2589 habeant,
1387 2559 1460 2579 non
1490 2555 1606 2588 tamen
1628 2553 1668 2577 ut

333 2614 366 2643 ¹3·
393 2612 421 2631 v.
451 2602 544 2634 Plut.
574 2602 750 2645 Apophth.
787 2604 879 2648 Opp.
907 2605 948 2636 T.
1007 2613 1166 2646 utantur,
1222 2605 1285 2637 sed
1324 2604 1483 2639 avaritiae
1525 2603 1666 2637 satisfa-

286 2658 334 2689 11.
358 2669 394 2699 p.
422 2663 493 2700 175.
524 2659 582 2691 ed.
611 2660 700 2702 tht.
735 2668 769 2692 et
800 2662 873 2695 Cic.
904 2661 949 2694 ad
1007 2666 1120 2706 ciant,
1145 2661 1344 2697 SCHOL·

286 2714 358 2746 Att.
381 2714 406 2754 Ι,
429 2715 482 2746 16,
