<?xml version="1.0" encoding="UTF-8"?>
<!DOCTYPE html PUBLIC "-//W3C//DTD XHTML 1.0 Transitional//EN"
    "http://www.w3.org/TR/xhtml1/DTD/xhtml1-transitional.dtd">
<html xmlns="http://www.w3.org/1999/xhtml" xml:lang="en" lang="en">
 <head>
  <title>
</title>
<meta http-equiv="Content-Type" content="text/html;charset=utf-8" />
  <meta name='ocr-system' content='tesseract 3.04.00' />
  <meta name='ocr-capabilities' content='ocr_page ocr_carea ocr_par ocr_line ocrx_word'/>
</head>
<body>
  <div class='ocr_page' id='page_1' title='image "./satirae16adoptim021juveuoft_0048.png"; bbox 0 0 1686 3089; ppageno 0'>
   <div class='ocr_carea' id='block_1_1' title="bbox 203 124 1184 201">
    <p class='ocr_par' dir='ltr' id='par_1_1' title="bbox 203 124 1184 201">
     <span class='ocr_line' id='line_1_1' title="bbox 203 124 1184 201; baseline 0.002 -8"><span class='ocrx_word' id='word_1_1' title='bbox 203 155 258 199; x_wconf 74' lang='lat'><strong>58</strong></span> <span class='ocrx_word' id='word_1_2' title='bbox 596 124 1184 201; x_wconf 70' lang='lat' dir='ltr'><strong>‘COMMENTARIVS</strong></span> 
     </span>
    </p>
   </div>
   <div class='ocr_carea' id='block_1_2' title="bbox 206 265 1607 2268">
    <p class='ocr_par' dir='ltr' id='par_1_2' title="bbox 206 265 1597 726">
     <span class='ocr_line' id='line_1_2' title="bbox 206 265 1590 323; baseline -0.001 -13"><span class='ocrx_word' id='word_1_3' title='bbox 206 266 357 322; x_wconf 69' lang='grc' dir='ltr'><strong>με’γας,·</strong></span> <span class='ocrx_word' id='word_1_4' title='bbox 387 273 429 309; x_wconf 72' lang='grc' dir='ltr'>ν.</span> <span class='ocrx_word' id='word_1_5' title='bbox 455 284 488 309; x_wconf 87' lang='lat' dir='ltr'><strong>c.</strong></span> <span class='ocrx_word' id='word_1_6' title='bbox 519 268 651 313; x_wconf 73' lang='grc' dir='ltr'><em>δοκῶν</em></span> <span class='ocrx_word' id='word_1_7' title='bbox 678 269 750 323; x_wconf 74' lang='grc' dir='ltr'><strong>μὲν</strong></span> <span class='ocrx_word' id='word_1_8' title='bbox 775 271 836 318; x_wconf 83' lang='grc' dir='ltr'><strong>τῖς</strong></span> <span class='ocrx_word' id='word_1_9' title='bbox 863 268 990 319; x_wconf 74' lang='grc' dir='ltr'><strong><em>εἶναι,</em></strong></span> <span class='ocrx_word' id='word_1_10' title='bbox 1030 267 1090 314; x_wconf 72' lang='grc' dir='ltr'><strong>ὢν</strong></span> <span class='ocrx_word' id='word_1_11' title='bbox 1115 265 1148 310; x_wconf 81' lang='grc' dir='ltr'><strong>δ’</strong></span> <span class='ocrx_word' id='word_1_12' title='bbox 1179 265 1308 318; x_wconf 78' lang='grc' dir='ltr'><strong><em>οὖδεῗς</em></strong></span> <span class='ocrx_word' id='word_1_13' title='bbox 1337 270 1397 323; x_wconf 68' lang='lat' dir='ltr'><strong>ap}</strong></span> <span class='ocrx_word' id='word_1_14' title='bbox 1424 271 1590 312; x_wconf 81' lang='lat' dir='ltr'><strong>Arria&#39;n:</strong></span> 
     </span>
     <span class='ocr_line' id='line_1_3' title="bbox 206 336 1591 390; baseline 0.003 -16"><span class='ocrx_word' id='word_1_15' title='bbox 206 338 340 388; x_wconf 77' lang='lat' dir='ltr'><strong>Epict.</strong></span> <span class='ocrx_word' id='word_1_16' title='bbox 373 336 420 386; x_wconf 87' lang='lat' dir='ltr'><strong>II,</strong></span> <span class='ocrx_word' id='word_1_17' title='bbox 451 339 516 377; x_wconf 78' lang='lat'><strong>24.</strong></span> <span class='ocrx_word' id='word_1_18' title='bbox 561 339 624 377; x_wconf 83' lang='lat' dir='ltr'><strong>Cf.</strong></span> <span class='ocrx_word' id='word_1_19' title='bbox 656 340 893 389; x_wconf 80' lang='lat' dir='ltr'><strong>Hoogeven.</strong></span> <span class='ocrx_word' id='word_1_20' title='bbox 918 338 969 376; x_wconf 84' lang='lat' dir='ltr'><strong>ad</strong></span> <span class='ocrx_word' id='word_1_21' title='bbox 997 339 1137 389; x_wconf 80' lang='lat' dir='ltr'><strong>Viger.</strong></span> <span class='ocrx_word' id='word_1_22' title='bbox 1166 352 1203 390; x_wconf 83' lang='lat' dir='ltr'><strong>p.</strong></span> <span class='ocrx_word' id='word_1_23' title='bbox 1244 339 1331 389; x_wconf 78' lang='lat'><strong>149.</strong></span> <span class='ocrx_word' id='word_1_24' title='bbox 1399 339 1591 378; x_wconf 85' lang='lat' dir='ltr'><strong>Schleus—</strong></span> 
     </span>
     <span class='ocr_line' id='line_1_4' title="bbox 207 404 1593 456; baseline 0.004 -15"><span class='ocrx_word' id='word_1_25' title='bbox 207 405 297 442; x_wconf 80' lang='lat' dir='ltr'><strong>neri</strong></span> <span class='ocrx_word' id='word_1_26' title='bbox 325 405 468 443; x_wconf 82' lang='lat' dir='ltr'><strong>Le-xic.</strong></span> <span class='ocrx_word' id='word_1_27' title='bbox 502 404 556 444; x_wconf 89' lang='lat' dir='ltr'><strong>N.</strong></span> <span class='ocrx_word' id='word_1_28' title='bbox 592 407 640 444; x_wconf 88' lang='grc' dir='ltr'><strong>Τ.</strong></span> <span class='ocrx_word' id='word_1_29' title='bbox 669 419 755 444; x_wconf 85' lang='lat' dir='ltr'><strong>voc.</strong></span> <span class='ocrx_word' id='word_1_30' title='bbox 788 408 846 451; x_wconf 79' lang='grc' dir='ltr'><strong>τῖς</strong></span> <span class='ocrx_word' id='word_1_31' title='bbox 885 419 923 456; x_wconf 86' lang='lat' dir='ltr'><strong>p.</strong></span> <span class='ocrx_word' id='word_1_32' title='bbox 966 406 1081 443; x_wconf 74' lang='lat'><strong>1024.</strong></span> <span class='ocrx_word' id='word_1_33' title='bbox 1120 412 1159 442; x_wconf 89' lang='lat' dir='ltr'><strong>et</strong></span> <span class='ocrx_word' id='word_1_34' title='bbox 1180 405 1277 443; x_wconf 86' lang='lat' dir='ltr'><strong>Var.</strong></span> <span class='ocrx_word' id='word_1_35' title='bbox 1309 405 1425 444; x_wconf 84' lang='lat' dir='ltr'><strong>Lect.</strong></span> <span class='ocrx_word' id='word_1_36' title='bbox 1480 410 1593 445; x_wconf 77' lang='lat' dir='ltr'><strong>Pro-</strong></span> 
     </span>
     <span class='ocr_line' id='line_1_5' title="bbox 207 472 1591 522; baseline 0.002 -13"><span class='ocrx_word' id='word_1_37' title='bbox 207 472 340 517; x_wconf 68' lang='lat' dir='ltr'><strong>bizas,</strong></span> <span class='ocrx_word' id='word_1_38' title='bbox 407 474 565 522; x_wconf 82' lang='lat' dir='ltr'><strong>virtus,</strong></span> <span class='ocrx_word' id='word_1_39' title='bbox 627 474 826 510; x_wconf 68' lang='lat' dir='ltr'><strong>laudatar</strong></span> <span class='ocrx_word' id='word_1_40' title='bbox 866 473 914 509; x_wconf 83' lang='lat' dir='ltr'><strong>ab</strong></span> <span class='ocrx_word' id='word_1_41' title='bbox 958 472 1165 520; x_wconf 79' lang='lat' dir='ltr'><strong>omnibus,</strong></span> <span class='ocrx_word' id='word_1_42' title='bbox 1227 472 1348 510; x_wconf 82' lang='lat' dir='ltr'><strong>etiam</strong></span> <span class='ocrx_word' id='word_1_43' title='bbox 1389 487 1413 510; x_wconf 86' lang='lat' dir='ltr'><strong>a</strong></span> <span class='ocrx_word' id='word_1_44' title='bbox 1460 476 1591 520; x_wconf 80' lang='lat' dir='ltr'><strong>malis,</strong></span> 
     </span>
     <span class='ocr_line' id='line_1_6' title="bbox 210 538 1597 592; baseline 0.003 -18"><span class='ocrx_word' id='word_1_45' title='bbox 210 539 303 590; x_wconf 77' lang='lat' dir='ltr'><strong>quia</strong></span> <span class='ocrx_word' id='word_1_46' title='bbox 327 546 408 578; x_wconf 78' lang='lat' dir='ltr'><strong>tam</strong></span> <span class='ocrx_word' id='word_1_47' title='bbox 438 542 581 592; x_wconf 77' lang='lat' dir='ltr'><strong>pulcra</strong></span> <span class='ocrx_word' id='word_1_48' title='bbox 614 547 696 587; x_wconf 84' lang='lat' dir='ltr'><strong>est,</strong></span> <span class='ocrx_word' id='word_1_49' title='bbox 745 539 816 576; x_wconf 82' lang='lat' dir='ltr'><strong>sed</strong></span> <span class='ocrx_word' id='word_1_50' title='bbox 847 538 976 577; x_wconf 84' lang='lat' dir='ltr'>nihilo</span> <span class='ocrx_word' id='word_1_51' title='bbox 1010 540 1139 576; x_wconf 79' lang='lat' dir='ltr'><strong>secius</strong></span> <span class='ocrx_word' id='word_1_52' title='bbox 1167 540 1299 590; x_wconf 63' lang='lat' dir='ltr'><strong>alga,</strong></span> <span class='ocrx_word' id='word_1_53' title='bbox 1339 539 1516 589; x_wconf 80' lang='lat' dir='ltr'><strong>frigore,</strong></span> <span class='ocrx_word' id='word_1_54' title='bbox 1551 540 1597 578; x_wconf 70' lang='grc'><strong>11.</strong></span> 
     </span>
     <span class='ocr_line' id='line_1_7' title="bbox 210 606 1595 659; baseline 0.001 -16"><span class='ocrx_word' id='word_1_55' title='bbox 210 619 244 643; x_wconf 87' lang='lat' dir='ltr'><strong>e.</strong></span> <span class='ocrx_word' id='word_1_56' title='bbox 267 606 374 644; x_wconf 84' lang='lat' dir='ltr'><strong>same</strong></span> <span class='ocrx_word' id='word_1_57' title='bbox 395 614 584 659; x_wconf 74' lang='lat' dir='ltr'><strong>urgetur,</strong></span> <span class='ocrx_word' id='word_1_58' title='bbox 636 613 747 657; x_wconf 76' lang='lat' dir='ltr'><strong>eget,</strong></span> <span class='ocrx_word' id='word_1_59' title='bbox 795 620 879 644; x_wconf 86' lang='lat' dir='ltr'><strong>non</strong></span> <span class='ocrx_word' id='word_1_60' title='bbox 904 620 1095 657; x_wconf 82' lang='lat' dir='ltr'><strong>magnum</strong></span> <span class='ocrx_word' id='word_1_61' title='bbox 1123 606 1306 644; x_wconf 78' lang='lat' dir='ltr'><strong>fructum</strong></span> <span class='ocrx_word' id='word_1_62' title='bbox 1337 606 1478 655; x_wconf 80' lang='lat' dir='ltr'><strong>affert,</strong></span> <span class='ocrx_word' id='word_1_63' title='bbox 1518 620 1595 645; x_wconf 86' lang='lat' dir='ltr'><strong>nec</strong></span> 
     </span>
     <span class='ocr_line' id='line_1_8' title="bbox 210 674 793 726; baseline 0 -16"><span class='ocrx_word' id='word_1_64' title='bbox 210 674 367 712; x_wconf 79' lang='lat' dir='ltr'><strong>meritis</strong></span> <span class='ocrx_word' id='word_1_65' title='bbox 394 676 570 713; x_wconf 82' lang='lat' dir='ltr'><strong>afficitur</strong></span> <span class='ocrx_word' id='word_1_66' title='bbox 592 674 793 726; x_wconf 81' lang='lat' dir='ltr'><strong>praemiis.</strong></span> 
     </span>
    </p>

    <p class='ocr_par' dir='ltr' id='par_1_3' title="bbox 209 742 1607 2268">
     <span class='ocr_line' id='line_1_9' title="bbox 327 742 1598 794; baseline -0.001 -13"><span class='ocrx_word' id='word_1_67' title='bbox 327 744 391 791; x_wconf 84' lang='lat'><strong>75.</strong></span> <span class='ocrx_word' id='word_1_68' title='bbox 423 743 486 792; x_wconf 84' lang='lat'><strong>76.</strong></span> <span class='ocrx_word' id='word_1_69' title='bbox 514 743 594 779; x_wconf 86' lang='lat' dir='ltr'><strong>Per</strong></span> <span class='ocrx_word' id='word_1_70' title='bbox 623 742 776 778; x_wconf 86' lang='lat' dir='ltr'><strong>scelera</strong></span> <span class='ocrx_word' id='word_1_71' title='bbox 804 755 904 781; x_wconf 84' lang='lat' dir='ltr'><strong>vero</strong></span> <span class='ocrx_word' id='word_1_72' title='bbox 945 742 1112 781; x_wconf 76' lang='lat' dir='ltr'><strong>divitiae</strong></span> <span class='ocrx_word' id='word_1_73' title='bbox 1145 749 1362 794; x_wconf 77' lang='lat' dir='ltr'><strong>parantur,</strong></span> <span class='ocrx_word' id='word_1_74' title='bbox 1412 757 1459 781; x_wconf 84' lang='lat' dir='ltr'><strong>ea</strong></span> <span class='ocrx_word' id='word_1_75' title='bbox 1487 756 1598 781; x_wconf 88' lang='lat' dir='ltr'><strong>nunc</strong></span> 
     </span>
     <span class='ocr_line' id='line_1_10' title="bbox 212 808 1600 862; baseline 0.001 -16"><span class='ocrx_word' id='word_1_76' title='bbox 212 822 309 860; x_wconf 89' lang='lat' dir='ltr'><strong>opes</strong></span> <span class='ocrx_word' id='word_1_77' title='bbox 351 809 529 847; x_wconf 84' lang='lat' dir='ltr'><strong>afferunt</strong></span> <span class='ocrx_word' id='word_1_78' title='bbox 564 815 604 845; x_wconf 85' lang='lat' dir='ltr'><strong>et</strong></span> <span class='ocrx_word' id='word_1_79' title='bbox 646 808 835 850; x_wconf 84' lang='lat' dir='ltr'><strong>honores.</strong></span> <span class='ocrx_word' id='word_1_80' title='bbox 976 811 1144 855; x_wconf 74' lang='lat' dir='ltr'><strong>debent,</strong></span> <span class='ocrx_word' id='word_1_81' title='bbox 1199 817 1361 862; x_wconf 83' lang='lat' dir='ltr'><strong>accepta</strong></span> <span class='ocrx_word' id='word_1_82' title='bbox 1408 811 1600 848; x_wconf 74' lang='lat' dir='ltr'><strong>referunt</strong></span> 
     </span>
     <span class='ocr_line' id='line_1_11' title="bbox 210 875 1600 929; baseline 0.002 -17"><span class='ocrx_word' id='word_1_83' title='bbox 210 888 322 912; x_wconf 85' lang='lat' dir='ltr'><strong>nunc</strong></span> <span class='ocrx_word' id='word_1_84' title='bbox 349 875 558 924; x_wconf 81' lang='lat' dir='ltr'><strong>homines,</strong></span> <span class='ocrx_word' id='word_1_85' title='bbox 611 876 681 926; x_wconf 86' lang='lat' dir='ltr'><strong>qui</strong></span> <span class='ocrx_word' id='word_1_86' title='bbox 713 890 758 913; x_wconf 83' lang='lat' dir='ltr'><strong>ea</strong></span> <span class='ocrx_word' id='word_1_87' title='bbox 796 876 1018 928; x_wconf 84' lang='lat' dir='ltr'><strong>possident.</strong></span> <span class='ocrx_word' id='word_1_88' title='bbox 1166 878 1302 915; x_wconf 72' lang='lat' dir='ltr'><strong>hortos</strong></span> <span class='ocrx_word' id='word_1_89' title='bbox 1331 878 1600 929; x_wconf 85' lang='lat' dir='ltr'><strong>amplissimos</strong></span> 
     </span>
     <span class='ocr_line' id='line_1_12' title="bbox 213 943 1602 996; baseline 0.003 -18"><span class='ocrx_word' id='word_1_90' title='bbox 213 947 255 978; x_wconf 88' lang='lat' dir='ltr'><strong>et</strong></span> <span class='ocrx_word' id='word_1_91' title='bbox 281 943 540 993; x_wconf 83' lang='lat' dir='ltr'><strong>magnificos,</strong></span> <span class='ocrx_word' id='word_1_92' title='bbox 580 944 622 980; x_wconf 88' lang='lat' dir='ltr'><strong>in</strong></span> <span class='ocrx_word' id='word_1_93' title='bbox 655 944 801 995; x_wconf 80' lang='lat' dir='ltr'><strong>quibus</strong></span> <span class='ocrx_word' id='word_1_94' title='bbox 831 951 925 981; x_wconf 86' lang='lat' dir='ltr'><strong>sunt</strong></span> <span class='ocrx_word' id='word_1_95' title='bbox 952 945 1073 981; x_wconf 79' lang='lat' dir='ltr'><strong>villae</strong></span> <span class='ocrx_word' id='word_1_96' title='bbox 1096 945 1253 996; x_wconf 78' lang='lat' dir='ltr'><strong>aliaque</strong></span> <span class='ocrx_word' id='word_1_97' title='bbox 1282 945 1483 992; x_wconf 79' lang='lat' dir='ltr'><strong>aedificia,</strong></span> <span class='ocrx_word' id='word_1_98' title='bbox 1513 959 1602 982; x_wconf 87' lang='lat' dir='ltr'><strong>am-</strong></span> 
     </span>
     <span class='ocr_line' id='line_1_13' title="bbox 211 1007 1605 1062; baseline 0.001 -17"><span class='ocrx_word' id='word_1_99' title='bbox 211 1007 466 1059; x_wconf 82' lang='lat' dir='ltr'><strong>bulationes,</strong></span> <span class='ocrx_word' id='word_1_100' title='bbox 516 1011 715 1062; x_wconf 75' lang='lat' dir='ltr'><strong>piscinae,</strong></span> <span class='ocrx_word' id='word_1_101' title='bbox 764 1011 900 1054; x_wconf 82' lang='lat' dir='ltr'><strong>lacus,</strong></span> <span class='ocrx_word' id='word_1_102' title='bbox 954 1011 1091 1048; x_wconf 85' lang='lat' dir='ltr'><strong>sontes</strong></span> <span class='ocrx_word' id='word_1_103' title='bbox 1111 1012 1326 1059; x_wconf 80' lang='lat' dir='ltr'><strong>salientes,</strong></span> <span class='ocrx_word' id='word_1_104' title='bbox 1362 1010 1605 1062; x_wconf 72' lang='lat' dir='ltr'><strong>nylnphaea,&#39;</strong></span> 
     </span>
     <span class='ocr_line' id='line_1_14' title="bbox 211 1077 1603 1128; baseline 0.001 -16"><span class='ocrx_word' id='word_1_105' title='bbox 211 1081 368 1114; x_wconf 81' lang='lat' dir='ltr'><strong>statuae</strong></span> <span class='ocrx_word' id='word_1_106' title='bbox 394 1083 470 1114; x_wconf 85' lang='lat' dir='ltr'><strong>cet.</strong></span> <span class='ocrx_word' id='word_1_107' title='bbox 527 1078 634 1115; x_wconf 87' lang='lat' dir='ltr'><strong>Nam</strong></span> <span class='ocrx_word' id='word_1_108' title='bbox 662 1077 706 1115; x_wconf 82' lang='grc'><strong>111</strong></span> <span class='ocrx_word' id='word_1_109' title='bbox 734 1078 902 1128; x_wconf 86' lang='lat' dir='ltr'><strong>proprie</strong></span> <span class='ocrx_word' id='word_1_110' title='bbox 932 1077 1041 1115; x_wconf 70' lang='lat' dir='ltr'><strong>horti</strong></span> <span class='ocrx_word' id='word_1_111' title='bbox 1067 1078 1326 1125; x_wconf 80' lang='lat' dir='ltr'><strong>dicebantur,</strong></span> <span class='ocrx_word' id='word_1_112' title='bbox 1379 1085 1425 1114; x_wconf 84' lang='lat' dir='ltr'><strong>ut</strong></span> <span class='ocrx_word' id='word_1_113' title='bbox 1465 1079 1603 1115; x_wconf 86' lang='lat' dir='ltr'><strong>mino-</strong></span> 
     </span>
     <span class='ocr_line' id='line_1_15' title="bbox 212 1143 1604 1192; baseline 0.002 -13"><span class='ocrx_word' id='word_1_114' title='bbox 212 1155 277 1179; x_wconf 85' lang='lat' dir='ltr'><strong>res</strong></span> <span class='ocrx_word' id='word_1_115' title='bbox 302 1144 513 1181; x_wconf 67' lang='lat' dir='ltr'><strong>viridaria</strong></span> <span class='ocrx_word' id='word_1_116' title='bbox 549 1151 590 1181; x_wconf 77' lang='lat' dir='ltr'><strong>et</strong></span> <span class='ocrx_word' id='word_1_117' title='bbox 625 1158 803 1181; x_wconf 77' lang='lat' dir='ltr'><strong>nemora.</strong></span> <span class='ocrx_word' id='word_1_118' title='bbox 945 1146 1170 1182; x_wconf 75' lang='lat' dir='ltr'><strong>Praetoria</strong></span> <span class='ocrx_word' id='word_1_119' title='bbox 1211 1151 1309 1182; x_wconf 85' lang='lat' dir='ltr'><strong>sunt</strong></span> <span class='ocrx_word' id='word_1_120' title='bbox 1349 1144 1494 1192; x_wconf 81' lang='lat' dir='ltr'><strong>villae,</strong></span> <span class='ocrx_word' id='word_1_121' title='bbox 1534 1143 1604 1182; x_wconf 79' lang='lat' dir='ltr'><strong>Vel</strong></span> 
     </span>
     <span class='ocr_line' id='line_1_16' title="bbox 215 1208 1604 1261; baseline 0.002 -16"><span class='ocrx_word' id='word_1_122' title='bbox 215 1211 380 1260; x_wconf 83' lang='lat' dir='ltr'><strong>quaevis</strong></span> <span class='ocrx_word' id='word_1_123' title='bbox 404 1211 587 1248; x_wconf 75' lang='lat' dir='ltr'><strong>aedificia</strong></span> <span class='ocrx_word' id='word_1_124' title='bbox 606 1211 837 1261; x_wconf 79' lang='lat' dir='ltr'><strong>magnifica,</strong></span> <span class='ocrx_word' id='word_1_125' title='bbox 863 1211 1031 1261; x_wconf 84' lang='lat' dir='ltr'><strong>palatia,</strong></span> <span class='ocrx_word' id='word_1_126' title='bbox 1061 1218 1106 1247; x_wconf 84' lang='lat' dir='ltr'><strong>ut</strong></span> <span class='ocrx_word' id='word_1_127' title='bbox 1133 1212 1188 1258; x_wconf 90' lang='lat' dir='ltr'><strong>X,</strong></span> <span class='ocrx_word' id='word_1_128' title='bbox 1212 1208 1344 1248; x_wconf 67' lang='grc' dir='ltr'><strong>161.ΞΠ</strong></span> <span class='ocrx_word' id='word_1_129' title='bbox 1439 1225 1604 1248; x_wconf 77' lang='lat' dir='ltr'><strong>mensas</strong></span> 
     </span>
     <span class='ocr_line' id='line_1_17' title="bbox 213 1276 1605 1328; baseline 0.002 -15"><span class='ocrx_word' id='word_1_130' title='bbox 213 1290 479 1325; x_wconf 80' lang='lat' dir='ltr'><strong>marm01·eaS‚</strong></span> <span class='ocrx_word' id='word_1_131' title='bbox 517 1278 714 1315; x_wconf 73' lang='lat' dir='ltr'><strong>eburneas</strong></span> <span class='ocrx_word' id='word_1_132' title='bbox 746 1284 786 1314; x_wconf 89' lang='lat' dir='ltr'><strong>et</strong></span> <span class='ocrx_word' id='word_1_133' title='bbox 820 1278 925 1328; x_wconf 86' lang='lat' dir='ltr'><strong>inpr.</strong></span> <span class='ocrx_word' id='word_1_134' title='bbox 950 1278 1118 1325; x_wconf 69' lang='lat' dir='ltr'><strong>citi-eas,</strong></span> <span class='ocrx_word' id='word_1_135' title='bbox 1150 1276 1194 1325; x_wconf 85' lang='lat' dir='ltr'><strong>(e</strong></span> <span class='ocrx_word' id='word_1_136' title='bbox 1217 1278 1326 1327; x_wconf 82' lang='lat' dir='ltr'><strong>ligno</strong></span> <span class='ocrx_word' id='word_1_137' title='bbox 1349 1278 1518 1316; x_wconf 84' lang='lat' dir='ltr'><strong>odorato</strong></span> <span class='ocrx_word' id='word_1_138' title='bbox 1542 1279 1605 1316; x_wconf 82' lang='lat' dir='ltr'><strong>ci—</strong></span> 
     </span>
     <span class='ocr_line' id='line_1_18' title="bbox 214 1344 1605 1396; baseline 0.002 -16"><span class='ocrx_word' id='word_1_139' title='bbox 214 1344 292 1391; x_wconf 84' lang='lat' dir='ltr'><strong>tri,</strong></span> <span class='ocrx_word' id='word_1_140' title='bbox 335 1345 492 1382; x_wconf 82' lang='lat' dir='ltr'><strong>arboris</strong></span> <span class='ocrx_word' id='word_1_141' title='bbox 521 1345 566 1382; x_wconf 81' lang='lat' dir='ltr'><strong>in</strong></span> <span class='ocrx_word' id='word_1_142' title='bbox 585 1344 729 1382; x_wconf 80' lang='lat' dir='ltr'><strong>Africa</strong></span> <span class='ocrx_word' id='word_1_143' title='bbox 760 1346 986 1395; x_wconf 67' lang='lat' dir='ltr'><strong>nascentis)</strong></span> <span class='ocrx_word' id='word_1_144' title='bbox 1017 1358 1113 1396; x_wconf 86' lang='lat' dir='ltr'><strong>quas</strong></span> <span class='ocrx_word' id='word_1_145' title='bbox 1136 1344 1312 1382; x_wconf 87' lang='lat' dir='ltr'><strong>Romani</strong></span> <span class='ocrx_word' id='word_1_146' title='bbox 1339 1345 1480 1382; x_wconf 80' lang='lat' dir='ltr'><strong>insano</strong></span> <span class='ocrx_word' id='word_1_147' title='bbox 1506 1360 1605 1396; x_wconf 84' lang='lat' dir='ltr'><strong>pre-</strong></span> 
     </span>
     <span class='ocr_line' id='line_1_19' title="bbox 213 1406 1605 1463; baseline 0.002 -16"><span class='ocrx_word' id='word_1_148' title='bbox 213 1411 276 1448; x_wconf 85' lang='lat' dir='ltr'><strong>tio</strong></span> <span class='ocrx_word' id='word_1_149' title='bbox 325 1413 525 1449; x_wconf 83' lang='lat' dir='ltr'><strong>emebant.</strong></span> <span class='ocrx_word' id='word_1_150' title='bbox 557 1406 594 1432; x_wconf 74' lang='lat'><strong>³²</strong></span> <span class='ocrx_word' id='word_1_151' title='bbox 633 1432 688 1439; x_wconf 83' lang='lat'>—</span> <span class='ocrx_word' id='word_1_152' title='bbox 747 1411 810 1460; x_wconf 81' lang='grc'>76.</span> <span class='ocrx_word' id='word_1_153' title='bbox 837 1413 1070 1463; x_wconf 77' lang='lat' dir='ltr'><strong>Argentum</strong></span> <span class='ocrx_word' id='word_1_154' title='bbox 1097 1420 1235 1455; x_wconf 60' lang='lat' dir='ltr'><strong>vetus,</strong></span> <span class='ocrx_word' id='word_1_155' title='bbox 1280 1425 1374 1448; x_wconf 84' lang='lat' dir='ltr'><strong>vasa</strong></span> <span class='ocrx_word' id='word_1_156' title='bbox 1407 1419 1605 1463; x_wconf 80' lang='lat' dir='ltr'><strong>argentea,</strong></span> 
     </span>
     <span class='ocr_line' id='line_1_20' title="bbox 216 1477 1604 1529; baseline 0.002 -15"><span class='ocrx_word' id='word_1_157' title='bbox 216 1490 241 1514; x_wconf 83' lang='lat' dir='ltr'><strong>a</strong></span> <span class='ocrx_word' id='word_1_158' title='bbox 272 1483 412 1514; x_wconf 84' lang='lat' dir='ltr'><strong>vetere</strong></span> <span class='ocrx_word' id='word_1_159' title='bbox 455 1478 629 1529; x_wconf 81' lang='lat' dir='ltr'><strong>quodam</strong></span> <span class='ocrx_word' id='word_1_160' title='bbox 671 1479 828 1516; x_wconf 82' lang='lat' dir='ltr'><strong>artifice</strong></span> <span class='ocrx_word' id='word_1_161' title='bbox 859 1480 1072 1516; x_wconf 79' lang='lat' dir='ltr'><strong>elaborata.</strong></span> <span class='ocrx_word' id='word_1_162' title='bbox 1132 1477 1195 1514; x_wconf 87' lang='lat' dir='ltr'><strong>Cf.</strong></span> <span class='ocrx_word' id='word_1_163' title='bbox 1234 1479 1352 1515; x_wconf 82' lang='lat' dir='ltr'><strong>simil.</strong></span> <span class='ocrx_word' id='word_1_164' title='bbox 1382 1479 1457 1515; x_wconf 87' lang='lat' dir='ltr'><strong>loc.</strong></span> <span class='ocrx_word' id='word_1_165' title='bbox 1487 1479 1604 1517; x_wconf 80' lang='lat' dir='ltr'><strong>Mar-</strong></span> 
     </span>
     <span class='ocr_line' id='line_1_21' title="bbox 215 1543 1606 1596; baseline 0.004 -16"><span class='ocrx_word' id='word_1_166' title='bbox 215 1544 299 1581; x_wconf 81' lang='lat' dir='ltr'><strong>tial.</strong></span> <span class='ocrx_word' id='word_1_167' title='bbox 322 1543 397 1593; x_wconf 88' lang='lat' dir='ltr'><strong>XI,</strong></span> <span class='ocrx_word' id='word_1_168' title='bbox 429 1558 494 1595; x_wconf 86' lang='lat'><strong>71,</strong></span> <span class='ocrx_word' id='word_1_169' title='bbox 528 1548 564 1584; x_wconf 83' lang='lat'><strong>8.</strong></span> <span class='ocrx_word' id='word_1_170' title='bbox 706 1555 881 1583; x_wconf 81' lang='lat' dir='ltr'><strong>stantem</strong></span> <span class='ocrx_word' id='word_1_171' title='bbox 907 1555 1022 1584; x_wconf 80' lang='lat' dir='ltr'><strong>extra</strong></span> <span class='ocrx_word' id='word_1_172' title='bbox 1046 1546 1221 1596; x_wconf 73' lang='lat' dir='ltr'><strong>poeula,</strong></span> <span class='ocrx_word' id='word_1_173' title='bbox 1271 1551 1517 1594; x_wconf 77' lang='lat' dir='ltr'><strong>exstantem,</strong></span> <span class='ocrx_word' id='word_1_174' title='bbox 1559 1547 1606 1585; x_wconf 84' lang='lat' dir='ltr'><strong>in</strong></span> 
     </span>
     <span class='ocr_line' id='line_1_22' title="bbox 216 1612 1606 1665; baseline 0.002 -17"><span class='ocrx_word' id='word_1_175' title='bbox 216 1612 417 1650; x_wconf 84' lang='lat' dir='ltr'><strong>caelatura</strong></span> <span class='ocrx_word' id='word_1_176' title='bbox 439 1613 765 1664; x_wconf 74' lang='lat' dir='ltr'><strong>prominentem,</strong></span> <span class='ocrx_word' id='word_1_177' title='bbox 821 1627 1012 1662; x_wconf 75' lang='lat' dir='ltr'><strong>caprum,</strong></span> <span class='ocrx_word' id='word_1_178' title='bbox 1052 1613 1136 1649; x_wconf 90' lang='lat' dir='ltr'><strong>eius</strong></span> <span class='ocrx_word' id='word_1_179' title='bbox 1170 1613 1348 1664; x_wconf 75' lang='lat' dir='ltr'><strong>signum,</strong></span> <span class='ocrx_word' id='word_1_180' title='bbox 1387 1612 1425 1650; x_wconf 90' lang='lat' dir='ltr'><strong>h.</strong></span> <span class='ocrx_word' id='word_1_181' title='bbox 1464 1628 1496 1651; x_wconf 87' lang='lat' dir='ltr'><strong>e.</strong></span> <span class='ocrx_word' id='word_1_182' title='bbox 1526 1628 1606 1665; x_wconf 83' lang='lat' dir='ltr'><strong>po·-</strong></span> 
     </span>
     <span class='ocr_line' id='line_1_23' title="bbox 217 1678 1606 1732; baseline 0.003 -17"><span class='ocrx_word' id='word_1_183' title='bbox 217 1678 328 1727; x_wconf 69' lang='lat' dir='ltr'><strong>cula,</strong></span> <span class='ocrx_word' id='word_1_184' title='bbox 368 1680 414 1717; x_wconf 88' lang='lat' dir='ltr'><strong>in</strong></span> <span class='ocrx_word' id='word_1_185' title='bbox 442 1681 587 1731; x_wconf 85' lang='lat' dir='ltr'><strong>quibus</strong></span> <span class='ocrx_word' id='word_1_186' title='bbox 615 1687 711 1719; x_wconf 87' lang='lat' dir='ltr'><strong>sunt</strong></span> <span class='ocrx_word' id='word_1_187' title='bbox 741 1681 1004 1724; x_wconf 75' lang='lat' dir='ltr'><strong>emblemata,</strong></span> <span class='ocrx_word' id='word_1_188' title='bbox 1048 1679 1178 1729; x_wconf 76' lang='lat' dir='ltr'><strong>sigilla</strong></span> <span class='ocrx_word' id='word_1_189' title='bbox 1201 1679 1411 1732; x_wconf 69' lang='grc' dir='ltr'><strong>περιφανῆ</strong></span> <span class='ocrx_word' id='word_1_190' title='bbox 1439 1695 1468 1718; x_wconf 77' lang='lat' dir='ltr'><strong>s,</strong></span> <span class='ocrx_word' id='word_1_191' title='bbox 1501 1681 1606 1719; x_wconf 85' lang='lat' dir='ltr'><strong>emi-</strong></span> 
     </span>
     <span class='ocr_line' id='line_1_24' title="bbox 215 1746 1606 1797; baseline 0.003 -16"><span class='ocrx_word' id='word_1_192' title='bbox 215 1746 374 1794; x_wconf 85' lang='lat' dir='ltr'><strong>nentia,</strong></span> <span class='ocrx_word' id='word_1_193' title='bbox 414 1748 559 1784; x_wconf 86' lang='lat' dir='ltr'><strong>statuis</strong></span> <span class='ocrx_word' id='word_1_194' title='bbox 589 1747 738 1785; x_wconf 83' lang='lat' dir='ltr'><strong>similia</strong></span> <span class='ocrx_word' id='word_1_195' title='bbox 771 1754 814 1785; x_wconf 83' lang='lat' dir='ltr'><strong>et</strong></span> <span class='ocrx_word' id='word_1_196' title='bbox 843 1748 1102 1785; x_wconf 71' lang='lat' dir='ltr'><strong>extrinsecus</strong></span> <span class='ocrx_word' id='word_1_197' title='bbox 1137 1747 1315 1797; x_wconf 79' lang='lat' dir='ltr'><strong>alligata,</strong></span> <span class='ocrx_word' id='word_1_198' title='bbox 1364 1753 1412 1784; x_wconf 84' lang='lat' dir='ltr'><strong>ut</strong></span> <span class='ocrx_word' id='word_1_199' title='bbox 1446 1748 1489 1785; x_wconf 86' lang='lat' dir='ltr'><strong>in</strong></span> <span class='ocrx_word' id='word_1_200' title='bbox 1518 1748 1606 1786; x_wconf 77' lang='lat' dir='ltr'><strong>aliis</strong></span> 
     </span>
     <span class='ocr_line' id='line_1_25' title="bbox 217 1809 1607 1866; baseline 0.004 -18"><span class='ocrx_word' id='word_1_201' title='bbox 217 1821 403 1858; x_wconf 72' lang='lat' dir='ltr'><strong>crustae,</strong></span> <span class='ocrx_word' id='word_1_202' title='bbox 456 1809 691 1866; x_wconf 76' lang='grc' dir='ltr'><em>πρόςῖυπα,</em></span> <span class='ocrx_word' id='word_1_203' title='bbox 752 1829 853 1866; x_wconf 80' lang='lat' dir='ltr'><strong>quae</strong></span> <span class='ocrx_word' id='word_1_204' title='bbox 883 1829 986 1862; x_wconf 86' lang='lat' dir='ltr'><strong>non,</strong></span> <span class='ocrx_word' id='word_1_205' title='bbox 1038 1820 1083 1852; x_wconf 87' lang='lat' dir='ltr'><strong>ut</strong></span> <span class='ocrx_word' id='word_1_206' title='bbox 1109 1814 1201 1861; x_wconf 81' lang='lat' dir='ltr'><strong>illa,</strong></span> <span class='ocrx_word' id='word_1_207' title='bbox 1260 1819 1388 1852; x_wconf 83' lang='lat' dir='ltr'><strong>totam</strong></span> <span class='ocrx_word' id='word_1_208' title='bbox 1415 1829 1469 1852; x_wconf 66' lang='lat' dir='ltr'><strong>ex</strong></span> <span class='ocrx_word' id='word_1_209' title='bbox 1494 1816 1607 1853; x_wconf 80' lang='lat' dir='ltr'><strong>omni</strong></span> 
     </span>
     <span class='ocr_line' id='line_1_26' title="bbox 216 1881 1607 1934; baseline 0.004 -19"><span class='ocrx_word' id='word_1_210' title='bbox 216 1884 335 1930; x_wconf 84' lang='lat' dir='ltr'><strong>parte</strong></span> <span class='ocrx_word' id='word_1_211' title='bbox 360 1893 470 1930; x_wconf 82' lang='lat' dir='ltr'><strong>rem,</strong></span> <span class='ocrx_word' id='word_1_212' title='bbox 519 1881 590 1918; x_wconf 86' lang='lat' dir='ltr'><strong>sed</strong></span> <span class='ocrx_word' id='word_1_213' title='bbox 616 1895 744 1919; x_wconf 85' lang='lat' dir='ltr'><strong>unum</strong></span> <span class='ocrx_word' id='word_1_214' title='bbox 773 1881 892 1919; x_wconf 83' lang='lat' dir='ltr'><strong>modo</strong></span> <span class='ocrx_word' id='word_1_215' title='bbox 925 1882 1011 1918; x_wconf 86' lang='lat' dir='ltr'><strong>eius</strong></span> <span class='ocrx_word' id='word_1_216' title='bbox 1046 1881 1152 1918; x_wconf 86' lang='lat' dir='ltr'><strong>latus</strong></span> <span class='ocrx_word' id='word_1_217' title='bbox 1184 1881 1425 1931; x_wconf 82' lang='lat' dir='ltr'><strong>ostendunt,</strong></span> <span class='ocrx_word' id='word_1_218' title='bbox 1472 1896 1607 1934; x_wconf 84' lang='lat' dir='ltr'><strong>neque</strong></span> 
     </span>
     <span class='ocr_line' id='line_1_27' title="bbox 214 1945 1606 2001; baseline 0.004 -19"><span class='ocrx_word' id='word_1_219' title='bbox 214 1945 435 1984; x_wconf 76' lang='lat' dir='ltr'><strong>admodum</strong></span> <span class='ocrx_word' id='word_1_220' title='bbox 471 1949 673 1997; x_wconf 76' lang='lat' dir='ltr'><strong>eminent3</strong></span> <span class='ocrx_word' id='word_1_221' title='bbox 729 1948 779 1986; x_wconf 86' lang='lat' dir='ltr'><strong>de</strong></span> <span class='ocrx_word' id='word_1_222' title='bbox 842 1949 989 2001; x_wconf 84' lang='lat' dir='ltr'><strong>quibus</strong></span> <span class='ocrx_word' id='word_1_223' title='bbox 1025 1961 1063 1986; x_wconf 81' lang='lat' dir='ltr'><strong>v.</strong></span> <span class='ocrx_word' id='word_1_224' title='bbox 1099 1948 1268 1986; x_wconf 81' lang='lat' dir='ltr'><strong>Ernesti</strong></span> <span class='ocrx_word' id='word_1_225' title='bbox 1304 1949 1402 1987; x_wconf 83' lang='lat' dir='ltr'><strong>clav.</strong></span> <span class='ocrx_word' id='word_1_226' title='bbox 1444 1949 1527 1987; x_wconf 80' lang='lat' dir='ltr'><strong>Cic.</strong></span> <span class='ocrx_word' id='word_1_227' title='bbox 1566 1963 1606 1988; x_wconf 79' lang='lat' dir='ltr'><strong>v.</strong></span> 
     </span>
     <span class='ocr_line' id='line_1_28' title="bbox 209 2015 1606 2068; baseline 0.006 -20"><span class='ocrx_word' id='word_1_228' title='bbox 209 2021 357 2062; x_wconf 15' lang='lat' dir='ltr'><strong>*crusta</strong></span> <span class='ocrx_word' id='word_1_229' title='bbox 387 2020 429 2051; x_wconf 87' lang='lat' dir='ltr'><strong>et</strong></span> <span class='ocrx_word' id='word_1_230' title='bbox 468 2017 689 2059; x_wconf 78' lang='lat' dir='ltr'><strong>emblema,</strong></span> <span class='ocrx_word' id='word_1_231' title='bbox 740 2016 844 2067; x_wconf 89' lang='lat' dir='ltr'><strong>inpr.</strong></span> <span class='ocrx_word' id='word_1_232' title='bbox 888 2030 987 2054; x_wconf 81' lang='lat' dir='ltr'><strong>vero</strong></span> <span class='ocrx_word' id='word_1_233' title='bbox 1018 2016 1182 2053; x_wconf 79' lang='lat' dir='ltr'><strong>Salmas.</strong></span> <span class='ocrx_word' id='word_1_234' title='bbox 1213 2015 1263 2054; x_wconf 77' lang='lat' dir='ltr'><strong>ad</strong></span> <span class='ocrx_word' id='word_1_235' title='bbox 1291 2016 1416 2054; x_wconf 88' lang='lat' dir='ltr'><strong>Solin.</strong></span> <span class='ocrx_word' id='word_1_236' title='bbox 1447 2031 1485 2068; x_wconf 85' lang='lat' dir='ltr'><strong>p.</strong></span> <span class='ocrx_word' id='word_1_237' title='bbox 1526 2017 1606 2066; x_wconf 80' lang='grc'><strong>755</strong></span> 
     </span>
     <span class='ocr_line' id='line_1_29' title="bbox 219 2079 1603 2135; baseline 0.004 -19"><span class='ocrx_word' id='word_1_238' title='bbox 219 2093 304 2131; x_wconf 83' lang='lat' dir='ltr'><strong>seq.</strong></span> <span class='ocrx_word' id='word_1_239' title='bbox 366 2079 483 2118; x_wconf 85' lang='lat' dir='ltr'><strong>Cons.</strong></span> <span class='ocrx_word' id='word_1_240' title='bbox 515 2083 690 2121; x_wconf 78' lang='lat' dir='ltr'><strong>Martial.</strong></span> <span class='ocrx_word' id='word_1_241' title='bbox 718 2081 834 2130; x_wconf 79' lang='lat' dir='ltr'>VIII,</span> <span class='ocrx_word' id='word_1_242' title='bbox 871 2085 935 2130; x_wconf 86' lang='lat'><strong>51,</strong></span> <span class='ocrx_word' id='word_1_243' title='bbox 979 2097 1015 2134; x_wconf 78' lang='grc'>9.</span> <span class='ocrx_word' id='word_1_244' title='bbox 1052 2084 1144 2122; x_wconf 70' lang='lat' dir='ltr'><strong>Stat</strong></span> <span class='ocrx_word' id='word_1_245' title='bbox 1186 2098 1311 2135; x_wconf 76' lang='lat' dir='ltr'><strong>caper</strong></span> <span class='ocrx_word' id='word_1_246' title='bbox 1344 2084 1490 2121; x_wconf 69' lang='lat' dir='ltr'><strong>Aeolio</strong></span> <span class='ocrx_word' id='word_1_247' title='bbox 1533 2084 1603 2133; x_wconf 85' lang='lat' dir='ltr'><strong>(al.</strong></span> 
     </span>
     <span class='ocr_line' id='line_1_30' title="bbox 220 2146 1605 2200; baseline 0.004 -17"><span class='ocrx_word' id='word_1_248' title='bbox 220 2148 267 2183; x_wconf 83' lang='lat' dir='ltr'><strong>in</strong></span> <span class='ocrx_word' id='word_1_249' title='bbox 287 2146 463 2197; x_wconf 68' lang='lat' dir='ltr'><strong>phiala)</strong></span> <span class='ocrx_word' id='word_1_250' title='bbox 497 2149 684 2187; x_wconf 71' lang='lat' dir='ltr'><strong>Thebani</strong></span> <span class='ocrx_word' id='word_1_251' title='bbox 712 2150 861 2186; x_wconf 59' lang='lat' dir='ltr'><strong>vellere</strong></span> <span class='ocrx_word' id='word_1_252' title='bbox 889 2149 1046 2187; x_wconf 70' lang='lat' dir='ltr'><strong>Phrixi</strong></span> <span class='ocrx_word' id='word_1_253' title='bbox 1073 2151 1241 2198; x_wconf 70' lang='lat' dir='ltr'><strong>Cultus,</strong></span> <span class='ocrx_word' id='word_1_254' title='bbox 1281 2150 1401 2188; x_wconf 85' lang='lat' dir='ltr'><strong>Ovid.</strong></span> <span class='ocrx_word' id='word_1_255' title='bbox 1423 2151 1522 2189; x_wconf 84' lang='lat' dir='ltr'><strong>Met.</strong></span> <span class='ocrx_word' id='word_1_256' title='bbox 1552 2152 1605 2200; x_wconf 83' lang='lat' dir='ltr'><strong>V,</strong></span> 
     </span>
     <span class='ocr_line' id='line_1_31' title="bbox 219 2215 1604 2268; baseline 0.002 -16"><span class='ocrx_word' id='word_1_257' title='bbox 219 2215 283 2253; x_wconf 83' lang='lat'><strong>81.</strong></span> <span class='ocrx_word' id='word_1_258' title='bbox 322 2216 421 2253; x_wconf 59' lang='lat' dir='ltr'><strong>altis</strong></span> <span class='ocrx_word' id='word_1_259' title='bbox 457 2225 680 2255; x_wconf 77' lang='lat' dir='ltr'><strong>exstantem</strong></span> <span class='ocrx_word' id='word_1_260' title='bbox 719 2218 855 2268; x_wconf 75' lang='lat' dir='ltr'><strong>signis</strong></span> <span class='ocrx_word' id='word_1_261' title='bbox 895 2226 1053 2254; x_wconf 73' lang='lat' dir='ltr'><strong>cratera</strong></span> <span class='ocrx_word' id='word_1_262' title='bbox 1065 2246 1095 2264; x_wconf 23' lang='lat' dir='ltr'><strong>‚N</strong></span> <span class='ocrx_word' id='word_1_263' title='bbox 1129 2222 1170 2253; x_wconf 79' lang='lat' dir='ltr'><strong>et</strong></span> <span class='ocrx_word' id='word_1_264' title='bbox 1200 2215 1327 2255; x_wconf 84' lang='lat' dir='ltr'><strong>eiusd.</strong></span> <span class='ocrx_word' id='word_1_265' title='bbox 1363 2219 1464 2255; x_wconf 78' lang='lat' dir='ltr'><strong>Met.</strong></span> <span class='ocrx_word' id='word_1_266' title='bbox 1507 2217 1604 2268; x_wconf 81' lang='lat' dir='ltr'>XII,</span> 
     </span>
    </p>
   </div>
   <div class='ocr_carea' id='block_1_3' title="bbox 215 2346 1604 2619">
    <p class='ocr_par' dir='ltr' id='par_1_4' title="bbox 215 2346 1604 2564">
     <span class='ocr_line' id='line_1_32' title="bbox 263 2346 1604 2392; baseline 0.004 -14"><span class='ocrx_word' id='word_1_267' title='bbox 263 2346 319 2378; x_wconf 79' lang='grc'><strong>51.</strong></span> <span class='ocrx_word' id='word_1_268' title='bbox 343 2346 398 2378; x_wconf 84' lang='lat' dir='ltr'><strong>Cf.</strong></span> <span class='ocrx_word' id='word_1_269' title='bbox 418 2348 574 2380; x_wconf 80' lang='lat' dir='ltr'><strong>Perizon.</strong></span> <span class='ocrx_word' id='word_1_270' title='bbox 595 2347 688 2379; x_wconf 78' lang='lat' dir='ltr'><strong>Diss.</strong></span> <span class='ocrx_word' id='word_1_271' title='bbox 709 2346 752 2379; x_wconf 89' lang='lat' dir='ltr'><strong>de</strong></span> <span class='ocrx_word' id='word_1_272' title='bbox 773 2359 878 2390; x_wconf 81' lang='lat' dir='ltr'><strong>prae-</strong></span> <span class='ocrx_word' id='word_1_273' title='bbox 939 2347 1014 2389; x_wconf 78' lang='lat' dir='ltr'><strong>(ubi</strong></span> <span class='ocrx_word' id='word_1_274' title='bbox 1041 2347 1085 2379; x_wconf 83' lang='lat' dir='ltr'><strong>cs.</strong></span> <span class='ocrx_word' id='word_1_275' title='bbox 1111 2346 1297 2392; x_wconf 75' lang='lat' dir='ltr'><strong>Harduiu.)</strong></span> <span class='ocrx_word' id='word_1_276' title='bbox 1339 2348 1531 2382; x_wconf 77' lang='lat' dir='ltr'><strong>Mitscherl.</strong></span> <span class='ocrx_word' id='word_1_277' title='bbox 1558 2349 1604 2383; x_wconf 81' lang='lat' dir='ltr'><strong>ad</strong></span> 
     </span>
     <span class='ocr_line' id='line_1_33' title="bbox 217 2403 1604 2451; baseline 0.002 -15"><span class='ocrx_word' id='word_1_278' title='bbox 217 2406 308 2436; x_wconf 73' lang='lat' dir='ltr'><strong>torio</strong></span> <span class='ocrx_word' id='word_1_279' title='bbox 333 2403 428 2444; x_wconf 83' lang='lat' dir='ltr'>VIII,</span> <span class='ocrx_word' id='word_1_280' title='bbox 459 2404 510 2437; x_wconf 87' lang='grc'><strong>15.</strong></span> <span class='ocrx_word' id='word_1_281' title='bbox 557 2405 698 2436; x_wconf 76' lang='lat' dir='ltr'><strong>Ernesti</strong></span> <span class='ocrx_word' id='word_1_282' title='bbox 721 2405 765 2437; x_wconf 86' lang='lat' dir='ltr'><strong>ad</strong></span> <span class='ocrx_word' id='word_1_283' title='bbox 784 2407 879 2440; x_wconf 85' lang='lat' dir='ltr'><strong>Suet.</strong></span> <span class='ocrx_word' id='word_1_284' title='bbox 937 2405 1059 2437; x_wconf 82' lang='lat' dir='ltr'><strong>Horat.</strong></span> <span class='ocrx_word' id='word_1_285' title='bbox 1099 2405 1168 2437; x_wconf 87' lang='lat' dir='ltr'><strong>Od.</strong></span> <span class='ocrx_word' id='word_1_286' title='bbox 1205 2405 1263 2445; x_wconf 88' lang='lat' dir='ltr'><strong>IV,</strong></span> <span class='ocrx_word' id='word_1_287' title='bbox 1308 2417 1335 2445; x_wconf 86' lang='lat'><strong>1,</strong></span> <span class='ocrx_word' id='word_1_288' title='bbox 1384 2418 1439 2439; x_wconf 87' lang='lat'><strong>20.</strong></span> <span class='ocrx_word' id='word_1_289' title='bbox 1482 2407 1604 2451; x_wconf 78' lang='lat' dir='ltr'><strong>Intpp.</strong></span> 
     </span>
     <span class='ocr_line' id='line_1_34' title="bbox 215 2460 1604 2507; baseline 0.004 -15"><span class='ocrx_word' id='word_1_290' title='bbox 215 2460 306 2502; x_wconf 81' lang='lat' dir='ltr'>Aug.</span> <span class='ocrx_word' id='word_1_291' title='bbox 333 2472 362 2492; x_wconf 88' lang='lat' dir='ltr'><strong>c.</strong></span> <span class='ocrx_word' id='word_1_292' title='bbox 389 2472 444 2504; x_wconf 80' lang='lat'><strong>72.</strong></span> <span class='ocrx_word' id='word_1_293' title='bbox 472 2461 516 2493; x_wconf 84' lang='lat' dir='ltr'><strong>ad</strong></span> <span class='ocrx_word' id='word_1_294' title='bbox 552 2461 671 2495; x_wconf 71' lang='lat' dir='ltr'><strong>Tiber.</strong></span> <span class='ocrx_word' id='word_1_295' title='bbox 711 2474 740 2494; x_wconf 87' lang='lat' dir='ltr'><strong>c.</strong></span> <span class='ocrx_word' id='word_1_296' title='bbox 765 2463 821 2507; x_wconf 78' lang='lat'><strong>59.</strong></span> <span class='ocrx_word' id='word_1_297' title='bbox 847 2469 881 2494; x_wconf 87' lang='lat' dir='ltr'><strong>et</strong></span> <span class='ocrx_word' id='word_1_298' title='bbox 939 2461 1082 2494; x_wconf 77' lang='lat' dir='ltr'><strong>Petron.</strong></span> <span class='ocrx_word' id='word_1_299' title='bbox 1117 2463 1188 2494; x_wconf 82' lang='lat' dir='ltr'><strong>Sat.</strong></span> <span class='ocrx_word' id='word_1_300' title='bbox 1224 2474 1253 2493; x_wconf 88' lang='lat' dir='ltr'><strong>c.</strong></span> <span class='ocrx_word' id='word_1_301' title='bbox 1291 2473 1365 2507; x_wconf 80' lang='lat'>119.</span> <span class='ocrx_word' id='word_1_302' title='bbox 1399 2464 1527 2498; x_wconf 73' lang='lat' dir='ltr'><strong>Mem-s.</strong></span> <span class='ocrx_word' id='word_1_303' title='bbox 1559 2465 1604 2497; x_wconf 87' lang='lat' dir='ltr'><strong>de</strong></span> 
     </span>
     <span class='ocr_line' id='line_1_35' title="bbox 219 2518 1603 2564; baseline 0.001 -14"><span class='ocrx_word' id='word_1_304' title='bbox 219 2518 308 2550; x_wconf 81' lang='lat' dir='ltr'><strong>clav.</strong></span> <span class='ocrx_word' id='word_1_305' title='bbox 334 2518 406 2550; x_wconf 78' lang='lat' dir='ltr'><strong>Cic-</strong></span> <span class='ocrx_word' id='word_1_306' title='bbox 888 2533 891 2537; x_wconf 96' lang='lat'>·</span> <span class='ocrx_word' id='word_1_307' title='bbox 936 2519 1020 2550; x_wconf 81' lang='lat' dir='ltr'><strong>luxu</strong></span> <span class='ocrx_word' id='word_1_308' title='bbox 1054 2519 1155 2551; x_wconf 87' lang='lat' dir='ltr'><strong>Rom.</strong></span> <span class='ocrx_word' id='word_1_309' title='bbox 1187 2531 1216 2551; x_wconf 87' lang='lat' dir='ltr'><strong>c.</strong></span> <span class='ocrx_word' id='word_1_310' title='bbox 1268 2531 1300 2564; x_wconf 83' lang='lat'><strong>9.</strong></span> <span class='ocrx_word' id='word_1_311' title='bbox 1356 2521 1520 2552; x_wconf 75' lang='lat' dir='ltr'><strong>Kobierz.</strong></span> <span class='ocrx_word' id='word_1_312' title='bbox 1557 2520 1603 2553; x_wconf 85' lang='lat' dir='ltr'><strong>de</strong></span> 
     </span>
    </p>

    <p class='ocr_par' dir='ltr' id='par_1_5' title="bbox 936 2576 1604 2619">
     <span class='ocr_line' id='line_1_36' title="bbox 936 2576 1604 2619; baseline 0.004 -12"><span class='ocrx_word' id='word_1_313' title='bbox 936 2577 1021 2608; x_wconf 78' lang='lat' dir='ltr'><strong>luxu</strong></span> <span class='ocrx_word' id='word_1_314' title='bbox 1054 2576 1155 2608; x_wconf 88' lang='lat' dir='ltr'><strong>Rom.</strong></span> <span class='ocrx_word' id='word_1_315' title='bbox 1191 2576 1245 2618; x_wconf 88' lang='lat' dir='ltr'><strong>II,</strong></span> <span class='ocrx_word' id='word_1_316' title='bbox 1298 2589 1349 2612; x_wconf 83' lang='lat'><strong>10.</strong></span> <span class='ocrx_word' id='word_1_317' title='bbox 1381 2577 1519 2619; x_wconf 70' lang='lat' dir='ltr'><strong>Koenig</strong></span> <span class='ocrx_word' id='word_1_318' title='bbox 1558 2578 1604 2610; x_wconf 84' lang='lat' dir='ltr'><strong>ad.</strong></span> 
     </span>
    </p>
   </div>
   <div class='ocr_carea' id='block_1_4' title="bbox 214 2630 1601 2734">
    <p class='ocr_par' dir='ltr' id='par_1_6' title="bbox 214 2630 1601 2734">
     <span class='ocr_line' id='line_1_37' title="bbox 262 2630 1601 2680; baseline 0.004 -17"><span class='ocrx_word' id='word_1_319' title='bbox 262 2631 318 2663; x_wconf 77' lang='lat'><strong>52.</strong></span> <span class='ocrx_word' id='word_1_320' title='bbox 338 2643 371 2662; x_wconf 80' lang='lat' dir='ltr'><strong>v.</strong></span> <span class='ocrx_word' id='word_1_321' title='bbox 396 2630 461 2662; x_wconf 81' lang='lat' dir='ltr'><strong>inf.</strong></span> <span class='ocrx_word' id='word_1_322' title='bbox 484 2630 528 2662; x_wconf 84' lang='lat' dir='ltr'><strong>ad</strong></span> <span class='ocrx_word' id='word_1_323' title='bbox 550 2643 581 2664; x_wconf 85' lang='lat' dir='ltr'><strong>v.</strong></span> <span class='ocrx_word' id='word_1_324' title='bbox 618 2631 690 2677; x_wconf 84' lang='lat'>137.</span> <span class='ocrx_word' id='word_1_325' title='bbox 727 2633 808 2665; x_wconf 84' lang='lat' dir='ltr'><strong>Seu.</strong></span> <span class='ocrx_word' id='word_1_326' title='bbox 835 2632 877 2664; x_wconf 84' lang='lat' dir='ltr'><strong>de</strong></span> <span class='ocrx_word' id='word_1_327' title='bbox 935 2630 1030 2664; x_wconf 78' lang='lat' dir='ltr'><strong>Pers.</strong></span> <span class='ocrx_word' id='word_1_328' title='bbox 1053 2635 1079 2673; x_wconf 83' lang='lat' dir='ltr'><strong>I,</strong></span> <span class='ocrx_word' id='word_1_329' title='bbox 1116 2632 1172 2666; x_wconf 68' lang='lat'><strong>53.</strong></span> <span class='ocrx_word' id='word_1_330' title='bbox 1207 2642 1241 2668; x_wconf 82' lang='lat' dir='ltr'><strong>et</strong></span> <span class='ocrx_word' id='word_1_331' title='bbox 1270 2634 1439 2680; x_wconf 67' lang='lat' dir='ltr'><strong>Bottigeri</strong></span> <span class='ocrx_word' id='word_1_332' title='bbox 1472 2634 1601 2669; x_wconf 75' lang='lat' dir='ltr'><strong>Sabina</strong></span> 
     </span>
     <span class='ocr_line' id='line_1_38' title="bbox 214 2686 1162 2734; baseline 0.001 -13"><span class='ocrx_word' id='word_1_333' title='bbox 214 2689 297 2722; x_wconf 80' lang='lat' dir='ltr'><strong>Een.</strong></span> <span class='ocrx_word' id='word_1_334' title='bbox 338 2686 422 2729; x_wconf 83' lang='lat' dir='ltr'>Vll,</span> <span class='ocrx_word' id='word_1_335' title='bbox 465 2699 498 2732; x_wconf 83' lang='lat'><strong>9.</strong></span> <span class='ocrx_word' id='word_1_336' title='bbox 539 2688 631 2721; x_wconf 84' lang='lat' dir='ltr'><strong>Plin.</strong></span> <span class='ocrx_word' id='word_1_337' title='bbox 662 2688 770 2732; x_wconf 85' lang='lat' dir='ltr'>XIII,</span> <span class='ocrx_word' id='word_1_338' title='bbox 823 2687 877 2722; x_wconf 85' lang='grc'><strong>15.</strong></span> <span class='ocrx_word' id='word_1_339' title='bbox 934 2700 970 2734; x_wconf 78' lang='lat' dir='ltr'><strong>P·</strong></span> <span class='ocrx_word' id='word_1_340' title='bbox 997 2688 1063 2723; x_wconf 82' lang='lat'><strong>505</strong></span> <span class='ocrx_word' id='word_1_341' title='bbox 1089 2700 1162 2733; x_wconf 82' lang='lat' dir='ltr'><strong>seq.</strong></span> 
     </span>
    </p>
   </div>
  </div>
 </body>
</html>
