1686 3089
188 161 279 222 726ι
581 159 1258 209 COMMENTARI,VS,->

192 265 350 314 sumnia
379 278 415 313 si
446 291 596 327 rugam
633 277 767 315 trahit
805 275 1064 326 extenditque
1088 275 1318 321 labellum,
1367 282 1415 313 ut
1445 280 1585 313 contra

195 347 279 382 iam
311 343 417 380 redit
444 346 490 380 in
515 359 677 396 rugam,
709 344 748 382 h.
774 357 805 380 e.
830 343 1142 393 multiplicatur,
1173 338 1583 389 πολλαπλασιάζεται,
1623 366 1629 395 3

197 425 257 461 ap.
280 411 389 448 Pers.
411 412 483 460 VI,
510 426 571 463 79.
607 413 678 450 ubi
699 411 866 449 casaub.
889 418 930 449 et
958 411 1118 461 Koenig
1148 411 1434 456 verbanostra
1455 402 1602 456 inter-J

195 484 412 529 pretantur
442 480 518 518 ita:
566 481 599 518 si
623 493 777 517 summa
801 479 983 517 nondum
1007 477 1140 515 tendit
1161 492 1295 529 neque
1315 476 1456 527 explet
1478 490 1586 513 mar-

197 547 360 598 supium
378 577 389 595 ,
419 548 488 585 sed
511 548 642 590 adhuc
675 546 791 584 hians
827 552 867 584 et
887 547 1028 584 laxum
1053 551 1114 582 e-st
1139 559 1183 583 os
1206 545 1328 582 illius.
1386 544 1478 581 Hoc
1503 543 1589 581 ele-

200 620 342 664 ganter
375 616 613 652 translatum
640 620 784 665 putant
817 627 840 651 a
863 614 1065 660 vestibus,
1096 626 1223 664 quae,
1257 625 1338 663 quo
1362 611 1487 648 ditior
1514 610 1595 648 ali-f

202 682 291 736 quis
313 689 415 719 esset
441 689 482 720 et
505 682 752 731 elegantior,
794 694 842 718 eo
867 681 1050 718 laxiores
1067 681 1226 719 suerint
1251 686 1291 717 et
1316 679 1494 717 fusiores
1517 691 1598 714 eo-A

203 761 280 800 que
311 750 435 800 magis
476 755 666 799 rugatae,
724 747 854 790 (funde
893 750 1027 799 effluit
1067 747 1196 800 effuso
1240 749 1311 784 cui
1349 756 1449 798 toga
1495 746 1596 786 laxa

202 818 300 853 sinn
335 831 394 868 ap.
428 817 580 854 Tibull.
604 817 636 864 Ι,
659 817 696 864 6,
724 814 808 864 40.)
838 822 877 853 at
900 815 1084 860 Britanni.
1111 829 1134 852 a
1158 828 1294 862 sacco,
1337 814 1426 867 qui,
1468 826 1599 865 (11111111

200 883 348 935 plenus
389 897 471 921 non
506 886 578 931 sit,
632 898 775 934 rugam
813 882 959 921 trahat.
1038 883 1172 920 Vetus
1213 889 1348 920 autem
1386 880 1521 919 Sc'hol.
1554 885 1595 917 et

201 950 388 1001 plerique
410 952 540 1004 intpp.
571 965 732 990 sensum
762 952 984 989 verborum
1016 951 1075 988 ita
1106 949 1350 1001 expediunt:
1421 951 1461 985 si
1492 947 1593 984 haec

203 1032 361 1069 quoque
393 1033 553 1058 summa
578 1033 708 1071 rugas
743 1019 787 1057 in
813 1019 952 1056 fronte
974 1025 1044 1056 tua
1068 1017 1294 1061 contrahit,
1322 1016 1360 1054 h.
1387 1029 1419 1053 c.
1456 1021 1497 1051 te
1516 1014 1595 1051 tri—-

204 1091 306 1123 stem
338 1086 438 1124 facit
463 1087 645 1139 adeoque
679 1087 757 1125 tibi
783 1085 995 1137 displicet,
1022 1100 1105 1125 non
1131 1086 1226 1123 satis
1252 1097 1393 1134 magna
1417 1082 1598 1130 videtur.

203 1152 312 1190 Illud
338 1154 521 1192 arridere
546 1161 702 1206 potest,
744 1154 936 1206 quoniam
963 1159 1051 1190 tum
1085 1167 1124 1190 v.
1150 1154 1244 1202 327.
1280 1150 1545 1202 metaphora,
1574 1163 1599 1187 a

203 1226 318 1257 veste
342 1223 491 1272 petita,
523 1224 811 1271 continuatur,
853 1227 895 1258 et
915 1234 1002 1272 sup.
1026 1235 1062 1258 V.
1096 1221 1184 1259 138.
1209 1219 1258 1256 de
1282 1219 1423 1258 eadem
1455 1231 1498 1255 re
1531 1216 1597 1253 di-

206 1287 316 1325 citur
340 1291 467 1339 pleno
504 1305 630 1342 quum,
664 1297 802 1341 turget
834 1290 1027 1327 saec-ulus
1066 1303 1141 1326 ore.
1200 1288 1293 1325 Hoc
1322 1300 1445 1334 vero,
1504 1285 1600 1336 quia
1632 1279 1637 1288 ¹

204 1355 467 1407 subiungitur
497 1358 757 1410 extenditque
792 1357 1013 1399 labellum,
1074 1369 1155 1407 quo
1193 1368 1277 1392 non
1307 1355 1440 1391 minus
1466 1352 1601 1403 aegri-

206 1422 307 1459 tudo
334 1430 375 1460 et
400 1439 514 1463 mens
548 1439 692 1476 parum
726 1431 919 1462 contenta
952 1423 1240 1470 adumbratum
1281 1421 1390 1459 unde
1424 1420 1606 1458 Farnab„

206 1502 290 1527 non
310 1491 428 1533 >male
460 1493 629 1541 exponit
659 1490 698 1527 11.
724 1491 749 1527 l.
787 1491 846 1538 „si
881 1490 980 1528 haec
1020 1504 1182 1541 quoque
1214 1504 1369 1527 summa
1404 1495 1445 1526 te
1477 1487 1600 1538 cogit,

208 1557 318 1608 quod.
337 1557 460 1609 Angli
486 1558 649 1604 dicunt,
690 1565 729 1594 to
759 1557 867 1594 bend
896 1557 962 1595 tlze
992 1558 1101 1595 brou>
1136 1557 1224 1594 and
1252 1556 1370 1607 hang
1393 1555 1460 1593 the
1491 1556 1601 1605 ltp.“

206 1624 392 1663 Britann,
425 1632 563 1662 tamen
596 1623 672 1662 hoe
708 1631 886 1661 sumtum
924 1625 1184 1661 existimabat
1207 1624 1255 1660 ab
1278 1623 1353 1670 iis,
1395 1623 1464 1674 qui
1494 1629 1599 1660 tam-2

209 1706 329 1743 quam
363 1692 544 1730 famelici
578 1691 692 1728 labra
726 1691 806 1728 oris
839 1690 1063 1728 extendant
1089 1690 1139 1727 ad
1176 1691 1313 1727 cibum
1348 1689 1602 1741 capiendum.

207 1759 334 1798 Poeta
359 1760 480 1797 etiam
504 1759 582 1796 alia
605 1760 668 1796 uti
689 1758 826 1809 potuit
848 1756 1097 1808 metaphora.
1128 1760 1252 1795 tertia
1273 1758 1600 1808 quadringenta,

207 1833 292 1865 tres
321 1840 465 1866 census
486 1832 715 1878 equestres,
747 1824 786 1863 h.
815 1839 848 1863 e.
875 1838 1040 1862 censum
1068 1825 1335 1871 senatorium,
1368 1837 1488 1875 quem
1509 1824 1599 1860 Au-

211 1902 350 1945 gustus
381 1895 430 1932 ad
466 1893 687 1932 duodecies
729 1893 964 1930 sestertium
999 1891 1124 1930 auxit.
1175 1905 1213 1932 v.
1248 1891 1360 1929 Suet.
1398 1892 1501 1942 Aug.
1536 1891 1601 1929 41.

212 1962 296 2000 Dio
318 1963 410 2003 LV.
433 1969 474 2000 et
493 1962 602 2000 Plut.
628 1961 701 1999 vit.
725 1961 875 1998 Anton.
1609 2004 1613 2010 Δ

324 2030 403 2078 327
431 2043 512 2080 seq.
550 2029 593 2065 Si
615 2027 793 2065 nondum
822 2027 963 2066 satiavi
989 2026 1254 2078 cupiditatem
1279 2032 1413 2074 tuam,
1449 2026 1488 2064 h.
1513 2040 1546 2063 e.
1571 2027 1612 2066 sil

213 2110 260 2135 ea
297 2111 349 2135 ne
384 2097 444 2134 sic
482 2096 646 2148 quidem
681 2096 873 2142 satiatur,
911 2095 981 2132 sed
1015 2095 1049 2131 si
1072 2095 1259 2145 pluribus
1284 2093 1436 2143 inhias,
1485 2095 1604 2146 plura

215 2165 492 2216 concupiscis:
545 2177 620 2200 nec
655 2161 820 2210 Croesi,
853 2176 928 2200 nec
960 2175 1099 2212 regum
1119 2162 1358 2209 Persarum,
1390 2175 1464 2199 nec
1490 2162 1602 2199 Nar-

216 2233 310 2270 cissi
340 2246 436 2284 opes
462 2232 670 2282 sufficient
700 2232 840 2267 animo
864 2237 958 2278 tuo,
987 2229 1025 2267 11.
1054 2243 1086 2267 e.
1112 2227 1270 2267 avidam
1293 2236 1469 2267 mentem
1491 2236 1604 2268 tuam

217 2301 456 2352 explebunt.
524 2298 653 2336 Poeta
688 2303 774 2334 toto
818 2296 857 2335 h,
893 2297 920 2335 1.
958 2299 1052 2334 'cum
1098 2296 1375 2347 indignatione
1406 2297 1603 2349 loquitur.

215 2370 444 2406 Persarum
486 2379 530 2403 ac
571 2364 816 2402 Parthorum
854 2377 968 2414 leges
1003 2356 1178 2401 et'olim
1207 2370 1248 2402 et
1284 2370 1372 2402 tum
1408 2365 1605 2415 temporis

216 2435 488 2486 potentissimi
525 2438 641 2471 erant
676 2432 881 2484 iidemque
920 2431 1119 2469 ditissimi.
1147 2455 1202 2463 —-
1286 2432 1377 2469 530.
1410 2430 1605 2469 Claudius

217 2501 319 2553 Imp
343 2502 592 2540 libertorum
619 2500 838 2553 plaecipue
860 2500 1048 2551 suspexit
1069 2499 1256 2547 Posiden,
1281 2498 1473 2545 Felicem,
1493 2499 1605 2536 Har-

214 2582 403 2621 pocram,
441 2570 682 2620 Polybium,
720 2566 790 2604 sed
823 2574 916 2623 ante
948 2580 1088 2622 omnes
1116 2568 1390 2610 Namissum,
1431 2567 1478 2605 ab
1514 2567 1603 2618 epi-

216 2636 353 2685 stolis,
386 2642 427 2673 et
450 2637 695 2683 Pallantem,
736 2649 759 2672 a
781 2635 1035 2682 rationibus,
1077 2647 1200 2685 quos,
1240 2632 1405 2671 decreto
1443 2646 1604 2684 quoque

215 2711 398 2753 senatus,
424 2716 507 2741 non
532 2703 723 2753 praemiis
752 2701 875 2741 modo
896 2702 1152 2753 ingentibus,
1203 2700 1272 2739 sed
1303 2707 1341 2738 ct
1368 2700 1607 2752 quaestoriis
