1686 3089
494 195 567 240 IN
608 188 850 240 IVVEN‚
895 194 1037 242 SAT.
1078 198 1174 241 VH.-
1416 195 1497 244 441

112 311 282 352 ‘tractari
322 306 461 361 solita,
521 313 572 352 de
615 314 761 366 quibus
797 327 836 353 v.
865 313 1041 363 Quintil.
1082 313 1132 352 de
1170 314 1414 352 Declamatt.
1457 319 1501 353 et

112 380 487 419 Senec.·Controv.
545 382 693 420 Sensus
724 388 803 421 est:
846 382 1020 433 pertaesi
1052 381 1308 419 miserrimae
1336 389 1377 419 et
1403 396 1500 420 um-

115 447 276 486 hratilis
312 447 543 486 Rhetorum
575 450 683 487 vitae
715 464 738 487 a
758 448 895 488 schola
913 454 1128 487 transeunt
1147 448 1197 485 ad
1218 449 1355 486 sorum
1381 454 1422 486 et
1445 462 1501 487 ex

115 514 369 554 Rhetoribus
407 517 513 555 fiunt
547 518 712 569 patroni
747 530 980 564 causarum,
1047 530 1220 568 quorum
1244 516 1330 553 vita
1365 521 1406 554 et
1435 529 1500 553 ars

115 584 252 620 minus
288 585 460 621 molesta
500 591 542 622 et
589 578 869 636 quaestuosior
911 589 984 621 est.
1098 584 1185 635 169.
1229 583 1375 626 silent,
1416 595 1505 620 non

113 650 290 701 amphus
321 652 369 689 ab
401 652 498 703 ipsis
535 657 783 700 tractantur,
836 652 903 690 vel
928 651 1137 703 discipulis
1169 649 1379 704 tractanda
1401 662 1507 699 pro-

115 724 332 768 ponuntur
359 718 540 757 themata
574 727 615 758 et
641 720 758 757 fictae
781 733 934 757 causae.
998 732 1086 766 170.
1122 718 1335 765 mortaria,
1360 715 1505 754 fictum

115 783 253 822 thema
278 785 329 823 de
357 786 663 825 medicamentis
690 787 734 825 in
756 787 953 825 mortario
979 787 1088 824 tritis
1114 800 1136 824 a
1157 784 1306 823 Medea
1327 789 1368 821 et
1395 782 1506 821 filia-

117 851 193 889 bus
224 853 382 901 Peliae,
425 857 542 892 caeci
575 857 747 898 veteris,
800 856 929 901 senis,
974 854 1158 901 traditis,
1204 858 1252 890 ut
1286 865 1431 890 eorum
1461 849 1507 888 vi

115 921 337 971 pueritiam
369 921 592 959 redderent
624 922 743 973 patri.
767 919 808 943 ⁶⁷
874 921 960 959 Alii
990 922 1247 968 existimant,
1299 919 1510 962 declam-aff

115 987 274 1025 tionem
300 988 503 1040 designari
529 989 578 1028 de
603 989 689 1027 filio
722 988 939 1040 pharmaca
971 989 1021 1027 ad
1053 987 1251 1026 sanandos
1284 988 1394 1025 caeci
1429 996 1511 1039 pa-J

116 1055 193 1092 tris
228 1056 369 1094 oeulos
405 1058 603 1095 miscente
639 1063 681 1094 et
711 1056 808 1094 hinc
836 1071 859 1094 a
886 1070 1061 1095 noverca
1100 1055 1291 1094 veneficii
1329 1055 1511 1092 insimu-'

119 1121 216 1170 lato,
247 1130 295 1161 ut
317 1113 651 1162 exheredaretur.
679 1120 717 1144 ⁶⁸
819 1136 891 1173 171
920 1137 1000 1175 seq.
1031 1125 1168 1174 lib-go,
1195 1122 1266 1159 has
1289 1122 1340 1159 ob
1368 1134 1511 1159 causas

117 1188 224 1239 (nisi
241 1192 378 1242 potius
401 1191 556 1230 dictum
588 1205 664 1243 pro
693 1191 905 1229 enimvero
942 1196 1013 1228 aut
1036 1190 1246 1242 profecto)
1276 1189 1387 1227 idem
1421 1189 1515 1238 ille‚¹

119 1260 195 1310 qui
228 1258 288 1296 acl
307 1273 524 1311 pugnam,
583 1272 701 1297 veras
733 1272 871 1298 causas
907 1260 951 1297 in
989 1258 1083 1296 soro
1119 1257 1397 1308 perorandas,
1455 1254 1516 1295 ab¹

118 1326 265 1364 umbra
287 1326 516 1375 rhetorica,
568 1340 590 1364 a
622 1326 859 1364 scholastica
888 1326 1183 1364 exercitatione
1220 1330 1261 1361 et
1293 1324 1379 1362 vita
1411 1332 1515 1362 um·-¹

118 1393 263 1439 bratili
291 1393 531 1442 rhetorum,
580 1393 809 1442 descendit,
843 1394 1012 1442 transit,
1054 1392 1094 1432 h.
1129 1406 1164 1432 e.
1198 1391 1383 1437 Rhetor,
1437 1392 1511 1443 qui

118 1468 314 1512 patronus
346 1475 559 1501 causarum
593 1462 726 1500 sactus
761 1468 848 1510 est,
908 1465 947 1499 si
978 1469 1118 1498 nostra
1161 1472 1254 1496 eum
1291 1459 1513 1497 movebant

121 1531 325 1575 consilia,
356 1530 440 1568 sibi
460 1530 579 1568 dabit
601 1531 688 1579 ipse
711 1529 873 1577 rudem,
914 1527 954 1566 h.
979 1542 1013 1566 e.
1045 1528 1167 1564 etiam
1199 1526 1356 1564 forensi
1384 1538 1512 1564 exer-

119 1598 307 1636 citationi
340 1599 533 1650 omnique
565 1597 646 1634 arti
679 1597 881 1634 oratoriae
920 1597 1065 1648 (quam
1102 1608 1247 1647 parum
1290 1600 1515 1646 quaestuo-

121 1678 207 1710 sam
244 1680 352 1714 esse,
381 1680 467 1718 sup.
491 1680 530 1704 v.
563 1665 639 1704 106
656 1687 705 1694 -
726 1666 816 1716 149.
849 1671 973 1716 poeta
1006 1662 1262 1709 ostenderat)
1290 1661 1516 1699 renuncia-

121 1733 207 1778 bit,
262 1739 305 1771 et
334 1734 455 1786 longe
477 1734 589 1772 aliud
617 1735 728 1771 ritae
763 1735 842 1770 iter
875 1731 1141 1784 ingredietur.
1165 1752 1219 1759 --
1276 1728 1361 1766 siba·
1392 1728 1515 1766 αἀὂιῖέ

126 1803 216 1852 ipse
247 1801 413 1847 rudem,
443 1804 625 1853 tropice,
663 1807 711 1838 ut
736 1815 797 1851 ap.
820 1799 964 1838 Horat.
987 1798 1118 1849 Epist.
1145 1796 1176 1843 I,
1204 1808 1236 1843 1,
1263 1807 1300 1833 2.
1331 1800 1372 1832 et
1392 1795 1517 1838 Mar-<f

124 1869 208 1907 tial.
238 1868 312 1918 III,
345 1869 410 1919 36,
451 1883 511 1909 10.
570 1870 637 1906 De
666 1868 836 1920 proprio
871 1866 1093 1905 verborum
1135 1877 1256 1901 sensu
1282 1876 1321 1900 v.
1349 1874 1436 1913 sup.
1460 1861 1512 1900 ad

123 1937 199 1987 VI,
227 1937 315 1976 113.
343 1958 398 1966 —
486 1937 576 1986 173.
603 1949 642 1974 v.
678 1949 764 1986 sup.
801 1933 853 1972 ad
887 1947 926 1972 v.
953 1934 988 1971 8.
1018 1938 1058 1969 et
1091 1931 1178 1970 156.
1206 1935 1248 1967 et
1282 1929 1390 1967 cons.
1416 1928 1518 1967 Sem·

118 2006 260 2046 Praes.
273 2005 342 2043 lib.
361 2004 435 2042 III.
452 2003 649 2042 Controv.
663 2024 719 2031 -—-
762 2015 775 2039 1
788 2003 852 2051 74.
881 2000 947 2038 Ne
970 1999 1021 2038 ad
1041 1998 1188 2036 incitas
1212 1995 1452 2048 redigantur
1471 2002 1515 2035 et

128 2074 279 2124 exigua
316 2084 480 2124 quoque
511 2071 710 2122 pecuniae
743 2083 900 2108 summa
930 2067 1013 2105 illis
1054 2066 1180 2113 desit,
1245 2078 1324 2117 qua
1360 2070 1516 2102 tessera

128 2141 404 2180 frumentaria
438 2140 574 2187 venit,
630 2151 783 2176 venum
807 2137 861 2185 it,
915 2134 1110 2174 venditur
1143 2139 1184 2171 et
1213 2146 1237 2170 a
1262 2132 1515 2184 pauperibus

129 2209 299 2257 emitur,
360 2207 400 2245 h.
435 2221 468 2244 e.
505 2219 584 2258 qua
613 2204 812 2243 summula
845 2203 962 2256 panis
995 2207 1166 2240 ematur.
1245 2201 1515 2237 Frumentum

124 2277 284 2315 Romae
325 2274 623 2314 distribuebant
667 2272 888 2313 Curatores
940 2283 1145 2317 annonae,
1208 2266 1311 2305 datis
1351 2268 1517 2304 tesseris

118 2346 446 2397 frumentariis,
491 2342 578 2380 sive
609 2340 804 2392 symbolis
838 2338 1079 2391 quibusdam
1114 2341 1156 2373 et
1190 2334 1381 2374 frustulis
1413 2346 1518 2385 qua·

115 2411 277 2459 draus,
311 2405 438 2462 'signo
464 2408 640 2462 quodam
662 2414 703 2446 et
729 2413 842 2446 certa
858 2405 1008 2445 notatis
1041 2404 1198 2451 forma,
1253 2416 1276 2440 e
1305 2401 1417 2452 ligno
1445 2406 1516 2439 aut

137 2479 326 2533 plumbo:
367 2476 533 2516 eaedem
551 2483 724 2515 tesserae
752 2475 820 2526 (ut
847 2480 891 2513 et
914 2472 1158 2519 numm-iae)
1186 2468 1340 2532 populo
1362 2473 1404 2507 et
1425 2467 1522 2520 ple-

179 2619 235 2663 67.
258 2619 312 2651 De
342 2631 409 2662 qua
442 2618 565 2651 fraude
590 2616 738 2650 Medeae
763 2629 796 2650 v.
898 2614 955 2648 68.
980 2612 1085 2646 Cous.
1103 2609 1209 2644 ovid.
1232 2599 1317 2642 Met}
1339 2610 1424 2652 VII,
1443 2609 1526 2654 2763

129 2678 259 2722 Hygia.
295 2677 323 2710 s.
356 2677 410 2710 24.
453 2675 557 2709 ovid.
596 2676 682 2708 Met.
716 2674 797 2717 VII,
853 2672 974 2716 ibique
997 2671 1120 2705 Heins-
1150 2676 1184 2702 et
1201 2667 1324 2702 Burm-

130 2747 196 2781 297
216 2747 292 2784 seq3
310 2743 343 2768 et
359 2733 509 2768 Diodor.
532 2734 597 2778 IV,
620 2735 675 2768 51.
696 2730 752 2766 52.
