1686 3089
487 204 576 244 IN-
609 201 846 241 IVVEN.
896 199 1034 246 SAT,
1081 201 1155 242 VI.
1430 206 1515 249 525

117 314 252 368 stupri
265 347 275 365 ,
301 312 425 369 uxori
449 324 543 356 tuae
564 312 794 361 inserendi,
824 330 949 369 quum
972 317 1197 356 verendum
1221 318 1294 367 sit,
1332 332 1385 357 ne
1407 319 1508 359 haec

118 384 176 422 ita
196 384 412 423 confestim
435 386 648 436 concipiat.
735 386 988 427 Committere
1016 391 1078 423 est
1104 384 1158 423 id.
1181 384 1245 437 qd.
1271 400 1507 436 componere

118 457 162 488 et
191 463 454 503 comparare,
496 466 598 504 quae
628 458 737 490 sunt'
760 454 885 498 verba
920 451 1094 501 theatri,
1133 467 1278 492 arenae
1311 460 1351 491 et
1374 461 1508 492 certa-

118 520 240 557 minis
269 521 453 571 publici,
486 515 674 575 (οἷχῶνος
696 508 924 573 ,stov-munii)
958 520 1009 559 de
1042 522 1194 572 poetis,
1224 518 1508 570 histrionibus,

119 587 277 635 mimis,
311 589 472 625 musicis
511 595 551 624 et
573 588 679 639 iiipr.
703 589 1017 640 gladiatoribus,
1061 601 1235 640 quorum
1258 589 1372 639 paria
1395 602 1509 626 com—

115 655 401 704 ponebantur,
440 661 486 692 ut
523 654 701 694 invicem
736 663 973 708 pugnarent.

124 718 212 760 162.
246 717 332 760 163.
360 723 431 760 ubi
450 737 488 760 v.
511 730 597 762 not.
642 721 683 744 99

229 790 486 841 379—397.
544 791 662 828 Aliae
705 791 902 828 mulieres
947 791 1126 829 maxime
1155 790 1409 829 delectantur
1446 793 1510 830 ci*

117 853 409 894 tharocdorum
446 857 775 909 histrionumque
811 865 928 896 cantu
966 873 1010 896 ac
1042 860 1208 896 musicis
1255 859 1512 898 instrumen-

117 923 192 970 tis,
240 937 340 974 quae
370 926 411 962 iu
444 927 623 962 maximo
657 927 793 976 pretio
835 925 997 962 habenti
1067 926 1178 963 Nota
1208 927 1391 963 Britann.
1426 933 1512 964 est:

117 992 310 1034 „nullius
333 993 477 1040 fibula
516 993 641 1030 durat·
684 994 709 1030 i.
747 1008 779 1029 e.
817 993 954 1030 nullus
990 993 1224 1044 adolescens
1264 994 1332 1030 vel
1365 1001 1507 1031 cantor

1041 657 1192 695 Similis
1222 656 1334 694 locus
1363 669 1449 707 sup.
1475 656 1509 705 I,

114 1058 355 1097 infibulatus
384 1066 524 1111 potest
558 1066 639 1097 tam
677 1060 880 1097 diutinum
905 1060 1077 1096 canendi
1099 1059 1280 1097 laborem
1311 1061 1512 1111 perferre.
1536 1073 1560 1096 .·

118 1126 203 1162 Alii
223 1127 588 1177 interpretantur,
636 1127 745 1178 quod
780 1128 973 1165 mulieres
999 1128 1133 1177 pretio
1156 1135 1425 1178 corrumpant.
1450 1128 1514 1164 ci-

119 1191 338 1231 tharoedos
375 1200 416 1231 et
451 1201 635 1232 cantores
671 1195 719 1232 ad
741 1196 919 1242 coitum,
971 1201 1017 1231 ut
1054 1195 1113 1232 sic
1146 1194 1314 1232 fibulam
1353 1195 1515 1237 solvere

120 1267 341 1311 cogantur:
387 1267 428 1298 at
462 1269 582 1312 poeta
622 1260 660 1299 h.
697 1263 724 1300 l.
758 1276 842 1300 non
868 1261 1061 1299 mulieres
1086 1267 1227 1309 notat,
1257 1275 1359 1312 quae
1383 1261 1516 1300 citha—

118 1327 266 1366 roedos
296 1335 449 1377 amant,
489 1335 537 1365 ut
570 1334 714 1365 coeant
747 1342 837 1366 cum
870 1329 942 1375 iis,
987 1328 1008 1375 <
1023 1342 1120 1378 quas
1155 1329 1236 1365 iam
1270 1342 1308 1365 v.
1345 1330 1395 1378 73
1432 1343 1516 1381 seq.

119 1395 299 1444 taxavit)
325 1395 397 1432 sed
419 1402 464 1433 ut
483 1396 737 1446 voluptatem
766 1409 819 1433 ex
853 1401 977 1431 cantu
1010 1408 1153 1431 eorum
1181 1395 1351 1445 capiant,
1388 1396 1515 1433 adeo-

121 1475 201 1514 que
224 1476 288 1499 eas
298 1482 309 1511 ‚-
346 1476 448 1514 quae
474 1463 611 1500 studio
644 1461 977 1500 citharoedorum
1001 1462 1235 1499 canentium
1267 1468 1475 1502 tenentur.
1489 1464 1518 1486 “

271 1603 556 1647 Interpretationi
578 1615 677 1636 meae
698 1617 790 1648 pau-

168 1614 224 1648 99·

122 1662 170 1698 ¹eis
189 1662 403 1704 subiungant
423 1663 518 1697 alias.
568 1662 726 1703 Scaliger
748 1660 791 1692 ad

127 1720 259 1765 Catuli.
298 1728 442 1764 monet,
486 1718 791 1761 quemadmodum

126 1777 176 1808 ibi
198 1777 304 1808 asino
332 1773 476 1808 traHere
496 1777 667 1818 significet
678 1777 790 1807 facere

127 1833 286 1874 asinum,
321 1827 445 1866 vel'ut
477 1828 593 1866 {sinus
626 1824 791 1876 pistrina-

126 1890 198 1922 rius
214 1892 258 1922 sit
272 1915 281 1931 ‚
295 1886 363 1922 'vel
386 1891 491 1923 asino
519 1892 639 1930 tradi,
675 1893 710 1922 iu
730 1892 791 1922 lo·-

123 1948 211 1980 ”cum
229 1950 313 1980 asini
329 1972 337 1988 ,
364 1950 423 1990 qui
440 1958 551 1980 verset
571 1950 695 1988 molas,
714 1949 792 1980 suf-

125 2009 204 2047 fici,
237 2009 283 2038 ica
315 2006 348 2037 h.
372 2008 396 2037 1.
428 2007 546 2038 Iuven.
573 2006 794 2037 committere

353 2062 423 2094 diei

135 2121 274 2158 tradere
310 2132 336 2153 s.
374 2120 508 2159 facere,
547 2129 717 2160 castrare,
762 2129 796 2152 et

128 2063 292 2097 eunucho
478 2074 543 2105 pro
593 2062 794 2094 eunuchum

134 2178 283 2224 exprimi
305 2177 530 2220 proverbium
556 2175 708 2221 βρόμιον
735 2175 794 2208 εὖ-

129 2228 314 2277 Ῑνουχίζειν,
351 2246 384 2276 q.
409 2233 443 2266 d.
462 2234 536 2266 noli
565 2243 712 2268 castrare
735 2246 793 2265 ca-

133 2296 299 2327 tamitum
335 2294 406 2323 iam·
454 2291 701 2334 grandiorem,
750 2302 794 2322 ne

131 2340 222 2384 sorte
244 2351 343 2382 uxori
359 2357 438 2380 tuae
453 2350 532 2380 usu'i
553 2350 608 2380 sit.
641 2348 795 2380 -Suffra-

133 2413 263 2451 gantur
298 2409 328 2438 ei
372 2405 504 2447 Grang.
547 2414 581 2437 et
617 2406 714 2438 Voss.
751 2405 796 2438 ad

134 2466 270 2499 Catull.
301 2477 334 2508 p.
359 2461 434 2495 164.
468 2471 502 2494 et
522 2464 611 2506 inpr.
630 2463 706 2498 526.
730 2465 796 2495 nisi

135 2522 231 2568 quod
250 2522 312 2553 ille
332 2529 442 2563 putat,
474 2520 709 2552 adolescentes
727 2533 798 2563 pu·-

135 2579 238 2611 bei-es
259 2577 454 2610 castrandos
476 2577 593 2610 doceri
622 2579 656 2610 h.
680 2579 706 2610 l.
727 2590 798 2609 non

742 2634 799 2667 hic

443 2692 610 2725 eunuchis
656 2691 802 2724 traditos

142 2637 296 2667 exoletos
332 2643 365 2666 et
395 2636 466 2666 iam
484 2674 487 2675 ⁷
503 2635 687 2676 barbatos;

139 2703 221 2724 vero
233 2717 242 2733 ,
298 2694 380 2735 ipsis

139 2750 245 2783 fuisse
280 2749 494 2790 castrandus,
528 2758 562 2789 et
588 2750 734 2782 illorum
765 2747 801 2780 id

849 1604 955 1636 fuisse
977 1604 1147 1636 officium.
1197 1603 1375 1646 Lubinus,
1408 1606 1515 1642 Farn.

850 1670 882 1693 et
902 1660 1045 1701 Bahrdt,
1070 1661 1195 1701 quibus
1213 1661 1299 1692 Ach.
1312 1661 1517 1706 adsentitur,

848 1718 883 1750 h.
901 1720 926 1749 l.
946 1720 994 1750 ita
1019 1719 1212 1759 explicant:
1241 1719 1320 1750 talis
1337 1721 1517 1754 eunuchus

850 1775 1003 1806 dormiat
1023 1786 1106 1805 cum
1132 1776 1282 1815 coniuge
1312 1784 1391 1816 tua,
1426 1788 1516 1818 quae

849 1833 947 1863 illius
973 1831 1126 1862 membri
1145 1832 1390 1864 enormitatem
1410 1834 1516 1866 facile

847 1890 1015 1920 sustinere
1047 1895 1080 1918 et
1120 1888 1269 1919 tolerare
1299 1889 1444 1930 poterit;
1482 1898 1518 1922 at

850 1945 1089 1976 concubinum
1112 1952 1215 1976 tuum
1228 1944 1412 1976 Bromium
1436 1957 1517 1978 cave

850 2002 1057 2034 huiusmodi
1078 2001 1237 2033 eunucho
1257 2001 1395 2033 tradas:
1431 2011 1516 2034 nam

850 2060 878 2091 si
899 2071 980 2091 cum
1003 2060 1068 2091 illo
1088 2059 1279 2100 dormiret,
1305 2069 1387 2090 eum
1408 2071 1517 2093 enorff

852 2118 974 2148 mitate
1026 2116 1204 2147 mentulae
1248 2128 1330 2148 suae
1375 2128 1517 2160 prorsus

853 2173 1058 2205 diffinderet
1106 2181 1139 2204 et
1176 2181 1427 2216 corrumperet.
1477 2173 1518 2209 C.

851 2231 1012 2264 Valesius
1067 2231 1316 2273 planissimum
1367 2233 1517 2263 omnino

852 2299 995 2320 sensum
1018 2289 1163 2331 putabat
1181 2299 1252 2319 esse
1285 2289 1398 2320 hunc:
1434 2300 1518 2331 spa-

853 2344 958 2387 doni,
993 2347 1052 2387 qui
1080 2347 1258 2378 consuevit
1285 2346 1385 2376 uxori
1428 2353 1518 2386 tuae,

854 2403 1093 2435 concubinum
1117 2411 1218 2434 tuum
1256 2403 1363 2433 instar
1390 2401 1521 2435 Bacchi·

855 2461 1082 2503 capillatum,
1124 2459 1186 2491 sed
1225 2460 1299 2491 iam
1324 2459 1449 2492 durum
1484 2466 1518 2492 et

855 2519 1052 2558 exoletum,
1084 2518 1159 2548 noli
1192 2517 1435 2556 committere,
1472 2528 1522 2563 ne·

855 2587 873 2606 a
893 2574 1058 2618 spadone,
1078 2583 1115 2606 ut
1141 2586 1227 2607 uxor
1251 2582 1332 2615 tua,
1358 2584 1522 2606 corrum-

855 2640 969 2675 patur.
1008 2628 1088 2664 'Ali'i
1122 2633 1326 2675 interpretes
1369 2630 1423 2663 vel
1465 2631 1523 2663 his·

858 2688 1101 2722 adsentiuntur
1116 2714 1125 2731 ,
1157 2690 1212 2722 vel
1231 2700 1374 2733 prorsus
1392 2696 1521 2733 tacent.

996 2794 1093 2833 X2
