1686 3089
210 165 291 203 710
607 147 1187 191 COMMENTARIVS

206 263 395 313 foetidas,
417 264 537 303 modo
554 265 787 304 fructuosae
807 265 889 303 sint
911 270 952 301 et
972 270 1251 315 quaestuosae,
1271 271 1317 302 ut
1340 266 1461 314 coria,
1490 280 1595 318 quae

206 337 320 369 trans
347 333 533 370 Tiberim
569 340 796 384 portantur.
855 332 921 369 Ibi
939 331 1082 382 putida
1111 332 1431 371 conficiebantur
1452 348 1590 384 opera,

206 412 245 436 v.
262 413 295 437 c.
319 399 646 451 sulphurationes
668 406 708 437 et
723 400 1033 437 excoriatione&
1073 399 1325 437 Cs.MartiaJ.
1349 400 1457 448 I‚42‚
1473 403 1590 453 ἕδος.

205 466 239 514 I,
259 480 347 518 109,
374 480 410 505 2.
434 469 507 516 VI,
534 470 599 519 93,
612 469 646 505 4.
679 468 859 505 Turneb.
884 467 1241 523 Adv.XXIV‚143.
1258 489 1311 497 —
1356 469 1448 506 204.
1465 469 1592 507 Poeta

205 536 436 585 respexisse
460 535 625 573 videtur
660 535 710 572 ad
733 542 830 573 nota
852 536 922 573 illa
942 536 1089 579 verba,
1123 536 1270 587 quibus
1294 535 1436 572 urinae
1454 536 1593 575 vecti*

205 600 269 650 gal
292 603 591 640 commendasse
615 603 769 640 dicitur
792 603 1077 654 Vespasianus.
1137 616 1175 639 v.
1201 603 1310 639 Suet.
1346 604 1468 654 Vesp.
1496 605 1580 642 23..

319 669 414 706 206.
444 671 612 707 Dicitur
632 670 858 724 ,εἰρωνικῶς
882 673 1087 708 sententia
1113 672 1215 707 Diis
1236 679 1359 722 atque
1386 674 1478 720 ipso
1498 672 1595 711 Iove

204 733 370 785 digna,
402 735 532 786 digna,
565 752 664 788 quae
686 738 752 775 dei
777 738 947 775 alicuius
972 745 1091 789 atque
1112 738 1238 789 ipsius
1261 739 1368 775 Iovis
1391 738 1593 782 sententia

201 801 267 839 sit.
326 806 533 842 sententia
562 814 730 854 poetae,
775 805 862 843 scil.
887 805 1040 849 Ennii,
1070 812 1202 843 sumta
1232 820 1254 842 a
1275 805 1596 857 Bellerophonte

202 867 438 920 Euripidis,
468 872 538 922 qui
564 871 641 910 hoc
673 873 830 924 pariter
860 874 1017 911 ironice
1050 873 1178 920 dixit;
1210 874 1329 910 Farn.
1355 873 1594 925 Grangaeus

203 938 455 987 comparavit
489 938 801 978 verba*incerti
822 938 990 992 {poetae
1031 956 1092 992 ap.
1126 941 1218 978 Sen.
1258 941 1333 992 Ep.
1364 943 1453 980 115.
1492 943 1594 980 Non.

203 1017 331 1054 quare
350 1014 389 1043 et
425 1007 559 1045 uncle:
599 1008 704 1059 qnid
743 1007 925 1052 Ῐῑαόεαε,
967 1017 1131 1046 tantum
1167 1017 1328 1058 rogant.
1360 1031 1413 1036 —
1477 1010 1594 1051 Unde

203 1069 382 1117 habeas,
412 1074 496 1111 scil.
520 1088 641 1125 opes,
682 1074 871 1123 divitias,
911 1076 981 1113 vel
1007 1075 1116 1128 quod
1149 1075 1348 1127 possides.
1378 1073 1381 1075 ’
1405 1077 1591 1121 Habere,

202 1142 249 1174 ut
267 1134 400 1192 ἔχειν,
431 1141 552 1180 absol.
580 1157 654 1194 pro
680 1142 851 1181 divitem
876 1157 963 1180 csse
987 1144 1166 1194 positum
1183 1143 1420 1194 saccipiebat
1440 1144 1593 1195 Grang-

200 1208 297 1243 208.
353 1211 617 1259 repentibus,
650 1211 855 1261 parvulis,
897 1216 944 1247 ut
967 1212 1040 1262 qui
1067 1213 1113 1248 in
1144 1213 1346 1261 purpuris
1381 1220 1495 1262 repet
1526 1226 1591 1263 ap-

205 1273 380 1321 Quiu'cil.
406 1274 440 1319 I,
478 1290 510 1325 1,
538 1278 575 1316 6.
607 1277 671 1316 Cs.
696 1277 837 1316 Barth.
876 1278 925 1316 ad
951 1279 1050 1317 Stat.
1085 1277 1216 1316 Theb.
1235 1278 1311 1325 IX,
1338 1279 1431 1328 427.
1456 1293 1591 1324 assae,

202 1352 242 1377 v.
263 1341 359 1379 Var.
386 1342 507 1382 Lect.
551 1357 644 1397 209.
687 1354 784 1383 ante
818 1346 952 1397 alpha
985 1354 1024 1383 et
1050 1348 1165 1395 beta,
1194 1347 1432 1399 priusquam
1458 1348 1592 1399 prima

200 1406 415 1448 literarum
439 1412 640 1450 elementa
662 1412 828 1450 discant.

312 1487 407 1514 212.
449 1479 688 1524 Fas-tiuare,
742 1481 912 1519 avaritia
942 1482 1130 1519 imbuere
1171 1480 1258 1530 veli]
1271 1487 1318 1519 ut
1356 1482 1513 1519 imbuas
1545 1495 1593 1520 ea

199 1538 308 1579 filios
346 1549 437 1581 tuos
474 1557 594 1595 quam
621 1546 801 1595 primum
848 1553 890 1584 et
925 1554 1017 1585 aute
1052 1562 1191 1585 annos.
1250 1550 1473 1586 Praestare
1507 1550 1593 1587 ali-

203 1622 324 1660 quem
363 1609 582 1659 dicuntur,
636 1615 706 1664 qui
736 1613 940 1665 spondent
977 1629 1053 1665 pro
1095 1629 1166 1662 eo,
1228 1622 1277 1654 ut
1309 1617 1400 1653 talis
1440 1618 1494 1654 sit
1523 1617 1592 1654 vel

202 1674 371 1713 futurus
405 1679 480 1726 sit,
535 1680 664 1731 qualis
693 1694 778 1717 esse
802 1680 944 1725 debet,
984 1681 1053 1719 vel
1086 1682 1246 1732 qualem
1279 1696 1372 1720 eum
1404 1698 1489 1721 esse
1521 1685 1592 1723 alii

203 1744 377 1794 cupiunt
405 1752 446 1783 et
480 1753 633 1798 optant.
664 1761 703 1784 v.
737 1747 837 1785 ΕΓΗ.
873 1749 973 1786 clav.
1010 1748 1094 1786 Cic.
1132 1749 1369 1800 Grangaeus
1415 1752 1593 1790 contulit

201 1823 369 1849 versum
400 1815 605 1851 senarium
634 1815 765 1865 ignoti
795 1822 945 1866 poetae
979 1831 1040 1868 ap.
1071 1815 1156 1854 Cic.
1180 1816 1255 1868 Ep.
1281 1818 1356 1865 IX,
1382 1831 1417 1867 7.
1455 1819 1597 1861 πολλοὶ

201 1881 394 1930 μαθηταὶ
430 1883 654 1934 κρείττονες
692 1879 960 1924 διδασκάλων.
1005 1887 1234 1936 magistro,
1291 1891 1353 1933 te,
1408 1893 1592 1938 parente.

202 1947 296 1984 213.
346 1949 442 1986 214.
501 1949 856 1999 Quemadmodum
887 1952 996 1989 Aiax
1028 1953 1292 1990 Telamonius
1339 1959 1381 1990 et
1410 1953 1594 1992 Achilles

202 2021 391 2064 parentes
417 2029 508 2053 suos
544 2017 721 2066 virtute,
761 2019 818 2056 ita
852 2025 892 2056 te
925 2018 1002 2056 filii
1035 2021 1096 2057 tui
1129 2020 1299 2057 avaritia
1322 2022 1594 2074 omnibusque

203 2080 425 2119 sceleribus
456 2083 631 2121 vincent.

316 2151 398 2188 215
434 2163 515 2202 seq.
554 2144 665 2189 Salse
703 2159 744 2190 et
775 2153 874 2191 haec
911 2154 1038 2191 dicfa:
1092 2155 1260 2203 Ignosce
1301 2155 1506 2206 puerulis,
1557 2156 1594 2194 si

202 2215 279 2254 tibi
301 2217 485 2256 nondum
505 2233 622 2270 pares
647 2220 807 2259 fuerint
838 2221 1080 2270 sceleribus3
1121 2228 1329 2273 exspecta,
1368 2222 1465 2260 dum
1491 2222 1592 2260 ado-

205 2334 389 2381 Dionysii,
425 2338 537 2378 Bruti,
580 2339 774 2380 Carbonis,
811 2353 866 2386 ap.
923 2348 1055 2373 structa
1084 2343 1218 2384 saepius
1253 2344 1352 2374 anxie
1386 2343 1591 2384 quaesivisse

204 2393 380 2437 Aristoph.
412 2398 447 2427 in
472 2395 586 2435 Ranis,
616 2396 697 2430 sen.
725 2398 790 2441 Ep.
811 2400 869 2432 82.
925 2400 969 2430 ab
1013 2398 1182 2431 ordinum
1229 2399 1453 2439 ductoribus,
1504 2411 1590 2431 num

205 2459 240 2482 et
274 2451 389 2484 Valer.
417 2452 510 2486 Max.
534 2452 594 2494 IX,
627 2455 678 2495 13,
706 2467 736 2487 2.
775 2457 867 2499 inpr.
917 2456 1137 2500 praesentia
1166 2467 1235 2489 sua
1262 2467 1350 2499 opus
1373 2457 1456 2489 sit?
1504 2456 1591 2488 inde

204 2507 315 2548 Arati,
337 2511 467 2541 summi
490 2510 606 2552 ducis,
632 2523 738 2555 quem
763 2512 871 2545 tradit
926 2525 1007 2546 vero
1031 2515 1252 2545 occasionem
1286 2513 1496 2554 quibusdam
1524 2513 1591 2544 de-

205 2564 415 2598 Plutarchus
444 2575 582 2610 torpore
612 2581 652 2602 ac
682 2571 868 2611 vertigine,
928 2570 1018 2603 disse
1080 2571 1182 2602 faceti
1245 2569 1347 2602 dicti:
1420 2568 1593 2601 Praetori

207 2624 344 2664 quoties
378 2623 450 2654 fere
485 2627 635 2666 coeperit
669 2627 754 2659 tuba
781 2629 870 2667 caui,
932 2627 1160 2660 Achaeorum
1184 2628 1350 2660 instante
1365 2636 1502 2674 pugna
1528 2624 1589 2660 al-

206 2687 410 2725 torreptum
441 2690 512 2714 esse
539 2685 683 2728 acieque
710 2685 784 2718 iam
809 2685 872 2726 in-¹
927 2694 1010 2719 vum
1031 2683 1135 2719 solvi.
