1686 3089
204 137 281 180 156
607 121 1191 181 COMMENTARIVS

204 266 345 292 servus
375 253 500 292 dives.
560 253 769 292 Sententia
797 254 836 292 h.
863 255 890 293 1.
914 261 955 292 et
977 256 1104 304 ratio,
1147 270 1168 293 a
1187 261 1305 306 poeta
1325 240 1591 304 allatashaeo

201 326 283 356 est:
341 335 434 359 nam
479 324 549 361 ille
585 337 728 361 servus
770 324 883 360 dives
922 329 1006 370 est,
1058 323 1259 372 ingenuus
1293 337 1386 362 vero
1424 338 1590 375 pauper.

200 386 317 424 Heme
340 391 574 434 notionem,
613 405 726 428 more
759 404 832 428 suo
863 397 903 427 et
936 396 1174 441 poetarum,
1214 404 1297 428 non
1334 392 1588 441 generaliter,

201 454 271 491 secl
308 458 538 506 specialiter
573 459 786 510 expressit.
923 457 1200 494 Trebanorum
1242 457 1418 496 militum
1451 459 1594 496 salaria

200 525 409 573 proverbii
431 526 544 563 velut
569 527 660 563 loco
684 540 758 576 pro
794 539 936 576 magna
971 526 1166 576 pecuniae
1193 539 1350 563 summa
1385 532 1594 576 ponuntur

203 591 326 628 etiam
348 606 408 641 ap.
431 593 535 630 Plin.
572 593 780 641 XXXIV,
815 593 851 630 3.
910 592 1068 630 Eorum
1114 593 1364 644 stipendium
1386 607 1408 629 a
1430 599 1594 642 tempo-

201 658 316 695 ribus
342 659 593 707 Domitiani,
637 661 705 711 qui
739 674 887 697 novem
917 660 1070 707 aureis,
1109 674 1208 710 quos
1245 661 1452 711 gregarius
1479 659 1596 697 miles

203 722 400 772 habebat,
432 734 515 764 tres
539 728 694 765 addidit
718 733 760 764 et
781 728 836 764 sic
862 728 997 765 omnia
1023 727 1139 765 auxit
1160 728 1380 778 stipendia,
1407 726 1598 765 XLVIII

204 794 317 829 aurei
339 801 475 831 erant:
524 810 615 833 nain
653 795 762 847 quod
794 794 918 846 pedes
955 794 1200 844 accipiebat,
1249 794 1356 842 (XII
1392 795 1528 842 aurei)
1553 791 1599 831 id

205 858 360 910 ‚duplex
387 864 642 905 centurioni,
684 862 837 913 triplex
858 862 1007 914 equiti,
1042 861 1299 913 quadruplex
1335 863 1501 900 tribuno
1526 861 1599 898 da-

205 927 338 965 batur.
365 924 406 949 ²⁴²
532 931 709 967 Calvina
737 936 778 967 et
803 931 976 967 Catz'ena
1001 929 1159 966 nobiles
1181 930 1426 967 meretrices.
1482 929 1599 966 Illius

205 994 317 1032 sorte
341 999 494 1035 mentio
520 998 566 1034 fit
588 1012 648 1048 ap.
675 998 770 1034 Tae.
801 996 906 1034 Ann.
938 996 1037 1043 XII,
1070 996 1106 1033 4.
1144 998 1179 1034 8.
1212 997 1284 1033 ubi
1315 1010 1352 1034 v.
1389 997 1501 1047 Lips.
1532 995 1597 1033 Cs.

209 1062 411 1101 Gonsalez
434 1065 481 1102 ad
494 1065 657 1102 Petron.
682 1079 719 1115 p.
735 1065 799 1102 34.
867 1065 955 1102 134.
976 1064 1160 1113 palpitet
1183 1062 1261 1100 h.l.
1285 1077 1405 1100 sensu
1427 1064 1599 1101 obscoe-

207 1143 260 1167 no
284 1131 444 1169 dicitur.
562 1141 606 1169 at
626 1141 698 1175 tu,
740 1132 939 1182 ingenue,
969 1131 1037 1182 qui
1063 1144 1219 1181 pauper
1247 1145 1299 1167 es.
1364 1132 1451 1169 135.
1479 1131 1599 1168 Scor-

205 1205 293 1234 tum
320 1201 507 1236 vestitum
531 1213 584 1236 sc.
607 1200 737 1247 bene,
773 1198 926 1245 nitide,
971 1203 1171 1244 venuste;
1222 1198 1301 1234 nisi
1334 1199 1448 1235 malis
1483 1203 1601 1248 toga-

207 1270 317 1311 tum,
354 1279 466 1303 more
490 1267 778 1313 meretricum,
815 1265 873 1312 (v.
901 1265 948 1302 ad
973 1265 1004 1312 Ι,
1032 1264 1096 1314 96.
1121 1270 1162 1301 et
1183 1265 1237 1312 ΙΙ,
1271 1266 1358 1315 7ο.)
1387 1279 1479 1302 nam
1501 1274 1602 1316 toga

205 1332 373 1383 proprie
395 1336 518 1371 vestis
545 1334 707 1371 (licitur.
752 1334 814 1370 Ita
832 1333 993 1370 Ferrar.
1018 1331 1148 1369 Elect.
1175 1332 1228 1379 II,
1256 1333 1290 1370 8.
1322 1332 1391 1369 ubi
1415 1339 1454 1369 et
1476 1338 1601 1380 recte,

206 1400 319 1436 utin
339 1399 510 1437 Scholiis
530 1407 657 1449 vett.,
701 1414 844 1439 versus
880 1399 966 1437 136.
1006 1399 1065 1436 ita
1097 1399 1348 1449 explicatur:
1404 1399 1603 1437 Meretri-

210 1479 276 1503 ces
299 1467 341 1503 in
364 1469 452 1504 alta
474 1469 574 1505 sella
598 1467 810 1514 sedebant,
849 1473 897 1504 ut
930 1465 1171 1504 accedentes
1208 1472 1455 1504 scortatores
1477 1480 1604 1503 vena‘

207 1533 290 1571 lem
326 1548 503 1572 mercem
551 1534 752 1571 adtentius
788 1533 1116 1580 considerarent,
1179 1546 1224 1570 ac
1255 1534 1436 1570 membra
1469 1533 1604 1570 omnia

212 1602 414 1638 curiosius
432 1602 751 1652 perlustrarent,
792 1602 897 1638 sicut
919 1601 1027 1637 servi
1050 1599 1171 1637 etiam
1194 1601 1359 1638 venalcs
1392 1601 1433 1637 in
1457 1607 1605 1638 catasta

208 1669 468 1719 prostabant;
506 1682 598 1705 nam
619 1668 718 1705 licet
749 1674 907 1718 togatae
941 1673 1097 1714 essent,
1150 1667 1412 1718 pellucebant
1449 1667 1604 1705 nihilo-

210 1735 371 1782 miuus,
412 1734 506 1772 Cois
532 1734 719 1772 indutae:
755 1741 796 1772 et
820 1735 900 1771 tale
927 1740 1063 1771 tamen
1088 1741 1268 1772 scortum
1292 1734 1500 1772 diobolare
1522 1748 1606 1772 non

210 1801 386 1839 audebat
402 1816 558 1853 pauper
590 1817 642 1840 ex
665 1804 756 1840 alta
778 1803 880 1839 sella
902 1801 1125 1849 deducere,
1164 1801 1275 1853 quod
1311 1803 1451 1854 paucis
1475 1802 1604 1840 obolis

211 1874 382 1906 careret.
442 1868 506 1906 Cs.
533 1870 624 1906 Sen.
671 1868 721 1906 de
751 1869 850 1906 Ben.
880 1868 911 1916 Ι,
947 1882 983 1919 9.
1009 1868 1143 1905 Plaut.
1178 1869 1303 1906 Poen.
1338 1869 1371 1918 I,
1407 1881 1445 1913 2,
1487 1869 1606 1923 54—

211 1937 276 1975 58.
309 1942 348 1973 et
371 1936 515 1973 Horat.
544 1937 625 1974 Sat.
647 1937 678 1982 Ι,
713 1948 751 1984 2,
791 1949 862 1974 101
905 1950 985 1987 seq.
1046 1935 1161 1973 Idem
1197 1936 1412 1973 Ferrarius
1448 1943 1488 1974 et
1522 1942 1604 1974 vet.

213 2003 350 2040 Schol.
372 2003 420 2039 ab
443 2003 514 2040 illa
536 2004 800 2041 meretricum
825 2004 926 2040 sella
950 2003 1230 2042 denominatos
1261 2004 1458 2056 putabant
1479 2005 1606 2041 sella-

211 2073 318 2119 rios,
359 2064 612 2114 sellularias,
654 2071 886 2107 salariolas
906 2072 1095 2121 popinas
1120 2076 1162 2107 et
1182 2071 1396 2118 senarias,
1439 2071 1488 2108 dc
1513 2072 1607 2123 qui-

211 2138 288 2177 bus
307 2151 345 2175 v.
369 2138 465 2174 Tac.
488 2137 593 2173 Ann.
622 2137 694 2184 VI,
722 2150 754 2175 1.
789 2138 965 2175 Martial.
997 2138 1048 2185 V,
1079 2150 1142 2187 71,
1177 2139 1214 2176 3.
1244 2145 1284 2176 et
1316 2139 1425 2175 Sunt.
1458 2138 1549 2175 Tib.
1571 2152 1603 2176 c.

212 2206 277 2244 43.
315 2205 364 2243 ad
403 2217 504 2256 quae
532 2203 572 2239 11.
607 2203 660 2240 cs.
688 2204 822 2255 Intpp.
883 2205 995 2242 Sella
1028 2218 1244 2242 servorum
1266 2205 1494 2242 cervicibus
1519 2205 1604 2242 ela-

210 2279 254 2311 ta
275 2273 322 2310 ab
345 2271 384 2309 h.
407 2271 432 2308 l.
457 2271 587 2308 aliena
613 2276 683 2307 est.
799 2271 951 2309 Chione
982 2277 1081 2309 nota
1111 2285 1133 2307 e
1161 2271 1341 2308 Martiali
1376 2272 1407 2319 I,
1445 2273 1508 2310 35.
1538 2272 1602 2324 93.

212 2340 289 2388 111,
311 2340 377 2378 30.
402 2339 467 2376 34.
493 2338 556 2375 83.
583 2340 646 2385 87.
670 2350 734 2389 97.
766 2338 843 2385 XI,
870 2338 933 2377 61.
956 2344 998 2375 et
1028 2338 1076 2375 al.

331 2407 403 2454 137
434 2418 514 2456 seq.
573 2405 638 2442 De
675 2411 886 2443 contemtu
916 2418 1141 2456 pauperum
1186 2406 1395 2456 queritur,
1447 2407 1606 2458 quibus,

215 2473 285 2512 vel
305 2471 589 2520 sanctissimis,
628 2472 740 2510 nulla
762 2472 862 2510 fides
886 2473 1040 2510 Romae
1063 2472 1304 2522 haberetur,
1344 2471 1446 2511 Ach.
1506 2475 1580 2512 Da
1599 2499 1604 2503 -

260 2569 315 2601 24.
342 2569 400 2602 Cf.
418 2568 511 2610 Lips.
538 2568 582 2600 de
614 2569 693 2602 Mil.
718 2569 820 2603 Rom.
839 2568 883 2611 V,
941 2569 1064 2603 sutas-it
1107 2569 1237 2603 Meurs.
1281 2569 1324 2602 de
1361 2569 1462 2603 Luxu
1507 2583 1536 2602 c.
1569 2570 1603 2604 8.

216 2623 269 2657 16.
304 2633 337 2656 ct
370 2627 460 2668 inpr.
496 2626 524 2657 Ι.
553 2626 609 2657 Fr.
651 2625 807 2659 Gronov.
839 2624 883 2659 de
941 2624 1063 2659 Dalec.
1093 2626 1136 2657 ad
1163 2626 1255 2659 Pliu.
1280 2628 1306 2658 1.
1332 2638 1361 2658 c.
1398 2635 1430 2661 et
1455 2627 1604 2661 salmas.

209 2681 374 2715 Sestertt.
409 2682 475 2723 111,
501 2694 533 2716 2.
555 2695 588 2726 p.
633 2694 707 2729 ¹³9·
739 2683 802 2717 ubi
824 2693 885 2716 re-
943 2681 987 2715 de
1012 2682 1112 2716 Mod.
1137 2684 1242 2717 Usnr.
1265 2695 1296 2716 c.
1321 2680 1353 2716 6.
