1686 3089
488 175 567 220 IN
609 174 852 222 IVVEN.
893 175 1037 222 SAT.
1075 173 1108 218 1.
1435 179 1494 227 45

99 293 191 332 eam
214 303 298 331 non
331 290 523 332 distribui
552 294 788 346 patiuntur,
830 292 903 332 sed
938 294 1041 332 alter
1075 293 1192 332 alteri
1221 296 1492 348 praeripiunt.

104 361 286 398 Turbam
308 369 494 413 togatam
518 376 566 400 eo
601 374 726 399 sensu
760 362 945 413 accipere
978 362 1129 413 possis,
1176 375 1257 414 quo
1292 365 1492 415 Virgilius

98 427 202 466 Aen.
225 428 257 478 I,
277 430 370 467 282.
402 429 495 480 (ubi
516 443 554 468 v.
575 430 746 481 Heyne)
775 429 982 467 Romanos
1012 444 1147 468 rerum
1176 430 1363 469 dominos
1382 449 1491 483 gen-

97 503 256 548 temque
275 505 463 548 togatam
484 497 611 546 dixit,
649 502 698 534 ut
733 510 800 534 res
833 496 1020 535 Romano
1053 498 1143 535 cive
1176 498 1341 550 indigna
1363 501 1493 548 signi-

96 562 255 603 ficetur.
316 563 380 606 Cs,
419 577 519 601 mox
548 577 587 602 v.
631 577 718 604 100.
757 570 799 602 et
838 564 960 616 Prop.
992 565 1065 614 IV,
1099 578 1137 615 2,
1173 566 1238 604 56.
1299 566 1440 606 Sedh„
1463 568 1491 608 l.

97 634 337 670 contemtim
357 631 495 682 potius
523 638 645 685 poeta
675 632 870 683 loquutus
900 632 1077 670 videtur.
1136 634 1242 672 Nam
1271 633 1493 677 Caesarum

92 686 349 750 ¹temporibus
369 705 460 749 toga
484 712 565 736 11011
594 699 766 750 amplius
785 699 908 749 vulgo
931 701 973 738 111
1005 714 1083 740 usu
1108 707 1214 749 erat,
1257 715 1390 754 neque
1424 704 1492 742 se-

95 779 142 804 re
167 767 398 817 gestabatur
419 767 498 804 nisi
519 780 541 803 a
561 767 810 817 pauperibus
834 773 876 804 et
896 767 1048 818 plebeii
1082 769 1150 807 vel
1182 770 1384 808 tenuioris
1416 785 1489 810 or-

95 833 201 871 dinis
232 832 486 883 hominibus,
543 834 784 882 clientibus,
832 836 980 883 servis,
1027 836 1240 874 causidicis
1277 843 1318 874 et
1353 852 1491 877 mere-

93 901 284 950 tricibus,
325 901 395 953 qui
420 901 516 939 inde
533 902 682 953 passim
707 904 846 953 togati
877 908 917 940 et
941 903 1124 953 togatuli
1158 906 1225 942 vel
1256 908 1389 957 poetis
1422 917 1487 946 to·-

87 981 150 1019 ga
180 974 390 1006 vocantur.
419 965 454 990 ³⁸
488 991 544 1000 —-·
601 981 666 1022 97.
711 969 810 1014 Ille,
861 982 943 1008 11011
985 983 1126 1009 servus
1136 999 1148 1019 ‚
1201 975 1370 1024 opinor,
1418 977 1491 1028 qui

91 1036 316 1087 sportulam
354 1036 589 1084 distribuit,
628 1037 864 1082 (balneator
898 1050 960 1088 ap.
994 1037 1172 1076 Martial.
1207 1040 1283 1088 III,
1320 1043 1382 1091 7.)
1415 1043 1489 1083 sed

93 1102 282 1141 dominus
314 1110 592 1155 patronusque
637 1103 847 1151 sordidus,
893 1103 944 1141 ad
979 1117 1100 1154 quem
1129 1106 1251 1145 etiam
1282 1111 1487 1160 trepidat,

90 1177 202 1207 eerte
229 1171 340 1208 iubet
362 1185 399 1209 v.
426 1185 489 1223 99.
522 1170 788 1208 referendum
815 1177 887 1208 est.
946 1169 1010 1208 Cf.
1036 1170 1086 1209 ad
1120 1186 1159 1211 v.
1195 1173 1260 1211 62.
1299 1175 1490 1217 Nomen-

90 1238 287 1275 clatorem
319 1237 524 1289 designari
556 1239 723 1289 putabat
757 1237 1024 1286 Plathnerus,
1064 1240 1134 1290 qui
1158 1245 1201 1277 et
1229 1255 1328 1280 111οΧ
1353 1257 1390 1281 v.
1420 1260 1486 1298 99.

84 1320 240 1356 praeeo
265 1305 446 1353 dicatur,
485 1311 526 1343 et
548 1305 663 1343 cuius
691 1305 868 1343 officium
907 1305 1058 1350 suerit,
1107 1308 1341 1347 nominibus
1374 1312 1486 1352 ciere

91 1373 355 1421 salutatores,
391 1374 482 1411 illos
507 1373 698 1411 ordinare
729 1374 772 1410 in
796 1373 1006 1411 vestibuhs
1036 1375 1343 1429 sportulamque
1375 1379 1488 1419 divi-

91 1440 200 1477 dere.
239 1454 277 1478 v.
317 1441 409 1478 Sen.
444 1440 521 1491 Ep.
561 1453 621 1492 19.
659 1446 700 1477 et
727 1438 780 1477 de
814 1440 913 1477 Ben.
953 1441 1027 1489 VI,
1066 1442 1103 1478 3.
1138 1439 1246 1493 inpr.
1281 1446 1487 1488 Ammian.

89 1507 272 1546 2Marcell.
296 1508 417 1551 XIV,
445 1507 481 1545 6.
518 1506 626 1559 (16.)
686 1506 766 1544 Sed
799 1506 940 1545 durior
978 1514 1039 1546 est
1064 1507 1186 1547 huius
1223 1525 1342 1563 quam
1374 1515 1486 1554 illius

89 1575 263 1613 subiecti
286 1566 460 1627 ellipsis,
497 1576 648 1627 quippe
679 1588 781 1626 quae
808 1574 910 1612 latet
941 1576 985 1613 in
1018 1589 1057 1614 v.
1092 1578 1159 1628 94.
1187 1580 1252 1630 95.
1322 1581 1400 1619 1110
1420 1589 1484 1620 ta·-

89 1656 184 1681 men
220 1657 342 1681 sensu
367 1657 616 1694 praeconem
650 1643 818 1694 accipio.
890 1643 1168 1694 Schpositzcs,
1225 1646 1319 1697 qui,
1373 1649 1484 1688 inter

89 1711 258 1749 clientes
282 1724 365 1748 11011
391 1717 600 1762 receptus,
650 1711 694 1748 in
717 1724 859 1749 eorum
893 1724 1113 1750 numerum
1143 1712 1328 1765 irrepere
1357 1729 1482 1755 cona-

87 1785 168 1817 tur.
225 1791 289 1830 99.
319 1779 507 1831 Agnosec'
530 1778 704 1827 dicitur,
752 1778 822 1830 qui
857 1778 955 1816 olim
988 1784 1109 1816 notus
1140 1778 1245 1828 suit,
1289 1787 1484 1834 cognosc-i

86 1847 261 1897 ignotus.
332 1859 426 1884 100.
468 1846 753 1898 Troiugenas,
804 1852 853 1883 ut
890 1844 1087 1883 Zb-ok'ades
1119 1859 1181 1897 ap.
1213 1846 1326 1886 Pers.
1362 1850 1394 1897 I,
1419 1852 1481 1899 4.‚

87 1915 359 1953 nobilissimos
380 1914 513 1962 viros,
560 1914 630 1965 qui
667 1928 689 1952 a
716 1913 907 1951 Troianis
941 1911 1123 1963 adeoque
1151 1916 1335 1954 omnium
1368 1918 1481 1955 anti-

88 1983 290 2036 quissimis
322 1981 489 2019 familiis
528 1981 728 2031 originem
760 1980 935 2028 ducunt,
991 1979 1059 2017 vel
1088 1980 1224 2031 potius
1250 1995 1294 2020 se
1326 1982 1482 2024 ducere

87 2051 334 2101 gloriantur:
395 2061 487 2085 nam
517 2045 702 2085 homines
741 2048 891 2086 veteris
927 2047 1142 2099 prosapiae
1174 2049 1481 2104 multarumque

86 2117 330 2168 imaginum,
360 2122 405 2153 ut
424 2130 446 2152 a
466 2116 585 2152 novis
607 2114 841 2153 hominibus
862 2121 902 2152 et
925 2129 947 2152 a
966 2115 1082 2152 faece
1109 2115 1274 2163 civium,
1303 2118 1385 2169 qui,
1412 2118 1477 2155 le·

85 2197 135 2235 ge
159 2197 180 2221 a
215 2184 262 2221 L.
283 2183 389 2220 Iulio
433 2181 626 2230 Caesare,
666 2181 716 2219 de
753 2182 919 2220 civitate
960 2196 1054 2220 cum
1094 2183 1214 2220 sociis
1250 2189 1292 2221 et
1317 2184 1480 2223 Latinis

86 2250 441 2298 communicanda,
488 2250 597 2288 bello
625 2250 774 2287 Sociali
797 2249 847 2288 A.
880 2250 932 2289 U.
966 2250 1208 2289 DCLXIII.
1233 2250 1339 2298 lata,
1370 2253 1478 2290 civi-

85 2324 213 2357 tatem
251 2325 292 2355 et
322 2319 477 2356 tribum
514 2322 776 2369 acceperant,
834 2316 1190 2366 discernerentur,
1255 2318 1478 2359 Troianam

79 2387 283 2436 ,originem
312 2385 564 2423 affectabant.
630 2385 884 2423 Posteriores
915 2399 1077 2437 quoque
1113 2391 1251 2436 gentes
1279 2387 1475 2436 patriciae

85 2453 247 2504 (Patres
281 2454 487 2492 minorum
525 2454 728 2504 gentium)
756 2454 1123 2491 contemnebantur
1154 2452 1202 2490 ab
1237 2452 1475 2504 antiquiss}-

130 2618 186 2651 38.
210 2617 266 2651 Cf.
285 2618 327 2650 ad
349 2617 393 2659 H,
414 2629 467 2662 70.
489 2618 549 2659 ΙΙΙ,
573 2630 646 2662 127.
665 2617 742 2659 VH,
799 2617 862 2657 III,
883 2617 941 2658 46,
968 2629 996 2650 1.
1029 2616 1072 2659 X,
1097 2618 1148 2658 19,
1168 2617 1202 2651 4.
1220 2618 1275 2662 47,
1298 2616 1331 2651 5.
1360 2619 1414 2660 74,
1438 2618 1472 2654 5.

86 2675 165 2708 25⁶¹.
195 2676 268 2708 142.
295 2675 395 2714 Vm,
420 2675 476 2719 49.
514 2676 633 2708 Horat.
671 2675 744 2707 Sat.
799 2673 863 2715 XI,
883 2676 937 2714 25,
966 2685 1016 2707 11.
1049 2676 1188 2707 Ernesti
1213 2676 1300 2708 clav.
1328 2674 1402 2710 Cic.
1436 2683 1471 2707 et

82 2732 112 2775 1,
135 2743 168 2775 2,
196 2732 249 2766 63.
277 2733 332 2766 82.
366 2732 517 2767 Marti-al.
548 2733 590 2775 11,
624 2731 680 2774 57,
712 2730 743 2764 5.
800 2730 936 2764 Ferrar.
961 2731 999 2764 R.
1026 2732 1119 2767 Vest.
1145 2732 1174 2773 Ι,
1192 2731 1248 2765 55.
1426 2731 1430 2733 “
