<?xml version="1.0" encoding="UTF-8"?>
<!DOCTYPE html PUBLIC "-//W3C//DTD XHTML 1.0 Transitional//EN"
    "http://www.w3.org/TR/xhtml1/DTD/xhtml1-transitional.dtd">
<html xmlns="http://www.w3.org/1999/xhtml" xml:lang="en" lang="en">
 <head>
  <title>
</title>
<meta http-equiv="Content-Type" content="text/html;charset=utf-8" />
  <meta name='ocr-system' content='tesseract 3.04.00' />
  <meta name='ocr-capabilities' content='ocr_page ocr_carea ocr_par ocr_line ocrx_word'/>
</head>
<body>
  <div class='ocr_page' id='page_1' title='image "./satirae16adoptim021juveuoft_0516.png"; bbox 0 0 1686 3089; ppageno 0'>
   <div class='ocr_carea' id='block_1_1' title="bbox 211 152 1200 214">
    <p class='ocr_par' dir='ltr' id='par_1_1' title="bbox 211 152 1200 214">
     <span class='ocr_line' id='line_1_1' title="bbox 211 152 1200 214; baseline -0.008 -13"><span class='ocrx_word' id='word_1_1' title='bbox 211 155 299 214; x_wconf 76' lang='lat'><strong>&#39;494</strong></span> <span class='ocrx_word' id='word_1_2' title='bbox 605 152 1200 197; x_wconf 84' lang='lat' dir='ltr'><strong>COMMENTARIVS</strong></span> 
     </span>
    </p>
   </div>
   <div class='ocr_carea' id='block_1_2' title="bbox 198 265 1600 2267">
    <p class='ocr_par' dir='ltr' id='par_1_2' title="bbox 206 265 1599 1056">
     <span class='ocr_line' id='line_1_2' title="bbox 209 265 1597 322; baseline -0.004 -13"><span class='ocrx_word' id='word_1_3' title='bbox 209 270 348 322; x_wconf 83' lang='lat' dir='ltr'><strong>‘gladio</strong></span> <span class='ocrx_word' id='word_1_4' title='bbox 382 269 576 318; x_wconf 79' lang='lat' dir='ltr'><strong>incurvo,</strong></span> <span class='ocrx_word' id='word_1_5' title='bbox 613 270 693 308; x_wconf 85' lang='lat' dir='ltr'><strong>nisi</strong></span> <span class='ocrx_word' id='word_1_6' title='bbox 721 269 835 308; x_wconf 78' lang='lat' dir='ltr'><strong>malis</strong></span> <span class='ocrx_word' id='word_1_7' title='bbox 855 267 1051 305; x_wconf 85' lang='lat' dir='ltr'><strong>reducto:</strong></span> <span class='ocrx_word' id='word_1_8' title='bbox 1079 281 1173 306; x_wconf 86' lang='lat' dir='ltr'><strong>nam</strong></span> <span class='ocrx_word' id='word_1_9' title='bbox 1197 266 1363 316; x_wconf 79' lang='lat' dir='ltr'><strong>Threx,</strong></span> <span class='ocrx_word' id='word_1_10' title='bbox 1389 272 1492 305; x_wconf 86' lang='lat' dir='ltr'><strong>teste</strong></span> <span class='ocrx_word' id='word_1_11' title='bbox 1512 265 1597 304; x_wconf 85' lang='lat' dir='ltr'><strong>Ar-</strong></span> 
     </span>
     <span class='ocr_line' id='line_1_3' title="bbox 211 334 1595 389; baseline -0.004 -14"><span class='ocrx_word' id='word_1_12' title='bbox 211 336 440 385; x_wconf 78' lang='lat' dir='ltr'><strong>temidoro,</strong></span> <span class='ocrx_word' id='word_1_13' title='bbox 468 337 719 389; x_wconf 72' lang='grc' dir='ltr'><strong><em>ἐπιβαίνειν,</em></strong></span> <span class='ocrx_word' id='word_1_14' title='bbox 748 338 960 386; x_wconf 79' lang='lat' dir='ltr'><strong>insurgere</strong></span> <span class='ocrx_word' id='word_1_15' title='bbox 983 336 1124 383; x_wconf 82' lang='lat' dir='ltr'><strong>altius,</strong></span> <span class='ocrx_word' id='word_1_16' title='bbox 1160 341 1207 372; x_wconf 90' lang='lat' dir='ltr'><strong>ut</strong></span> <span class='ocrx_word' id='word_1_17' title='bbox 1234 342 1377 372; x_wconf 84' lang='lat' dir='ltr'><strong>contra</strong></span> <span class='ocrx_word' id='word_1_18' title='bbox 1395 334 1595 372; x_wconf 76' lang='lat' dir='ltr'><strong>Mirmillo</strong></span> 
     </span>
     <span class='ocr_line' id='line_1_4' title="bbox 210 401 1596 451; baseline -0.004 -9"><span class='ocrx_word' id='word_1_19' title='bbox 210 407 262 442; x_wconf 84' lang='lat' dir='ltr'><strong>in</strong></span> <span class='ocrx_word' id='word_1_20' title='bbox 296 406 425 442; x_wconf 68' lang='lat' dir='ltr'><strong>armis</strong></span> <span class='ocrx_word' id='word_1_21' title='bbox 458 406 664 442; x_wconf 65' lang='lat' dir='ltr'><strong>subsidere</strong></span> <span class='ocrx_word' id='word_1_22' title='bbox 695 404 874 451; x_wconf 81' lang='lat' dir='ltr'><strong>solebat,</strong></span> <span class='ocrx_word' id='word_1_23' title='bbox 916 403 950 440; x_wconf 89' lang='lat' dir='ltr'><strong>si</strong></span> <span class='ocrx_word' id='word_1_24' title='bbox 983 402 1166 440; x_wconf 84' lang='lat' dir='ltr'><strong>Ausonio</strong></span> <span class='ocrx_word' id='word_1_25' title='bbox 1200 401 1300 439; x_wconf 81' lang='lat' dir='ltr'><strong>fides</strong></span> <span class='ocrx_word' id='word_1_26' title='bbox 1330 401 1525 440; x_wconf 79' lang='lat' dir='ltr'><strong>habenda.</strong></span> <span class='ocrx_word' id='word_1_27' title='bbox 1555 413 1596 438; x_wconf 79' lang='lat' dir='ltr'><strong>v.</strong></span> 
     </span>
     <span class='ocr_line' id='line_1_5' title="bbox 209 464 1596 523; baseline -0.003 -14"><span class='ocrx_word' id='word_1_28' title='bbox 209 464 325 523; x_wconf 81' lang='lat' dir='ltr'><strong>Lips.</strong></span> <span class='ocrx_word' id='word_1_29' title='bbox 364 472 389 508; x_wconf 89' lang='lat'><strong>1.</strong></span> <span class='ocrx_word' id='word_1_30' title='bbox 424 472 450 509; x_wconf 91' lang='grc'><strong>1.</strong></span> <span class='ocrx_word' id='word_1_31' title='bbox 490 486 522 509; x_wconf 91' lang='lat' dir='ltr'><strong>c.</strong></span> <span class='ocrx_word' id='word_1_32' title='bbox 555 485 590 523; x_wconf 88' lang='lat'><strong>9.</strong></span> <span class='ocrx_word' id='word_1_33' title='bbox 622 477 663 507; x_wconf 85' lang='lat' dir='ltr'><strong>et</strong></span> <span class='ocrx_word' id='word_1_34' title='bbox 699 483 760 508; x_wconf 87' lang='lat'><strong>10.</strong></span> <span class='ocrx_word' id='word_1_35' title='bbox 785 491 841 497; x_wconf 89' lang='lat'><strong>——-</strong></span> <span class='ocrx_word' id='word_1_36' title='bbox 909 482 1002 507; x_wconf 82' lang='lat'><strong>202.</strong></span> <span class='ocrx_word' id='word_1_37' title='bbox 1045 483 1083 507; x_wconf 88' lang='lat' dir='ltr'><strong>v.</strong></span> <span class='ocrx_word' id='word_1_38' title='bbox 1120 470 1216 507; x_wconf 84' lang='lat' dir='ltr'><strong>Var.</strong></span> <span class='ocrx_word' id='word_1_39' title='bbox 1244 469 1360 506; x_wconf 85' lang='lat' dir='ltr'><strong>Lect.</strong></span> <span class='ocrx_word' id='word_1_40' title='bbox 1389 490 1444 497; x_wconf 78' lang='lat'><strong>-—</strong></span> <span class='ocrx_word' id='word_1_41' title='bbox 1501 469 1596 506; x_wconf 77' lang='lat'><strong>204.</strong></span> 
     </span>
     <span class='ocr_line' id='line_1_6' title="bbox 210 536 1594 589; baseline -0.003 -13"><span class='ocrx_word' id='word_1_42' title='bbox 210 539 357 576; x_wconf 83' lang='lat' dir='ltr'><strong>dextra</strong></span> <span class='ocrx_word' id='word_1_43' title='bbox 393 539 566 586; x_wconf 76' lang='lat' dir='ltr'><strong>librata,</strong></span> <span class='ocrx_word' id='word_1_44' title='bbox 608 543 751 575; x_wconf 82' lang='lat' dir='ltr'><strong>exacte</strong></span> <span class='ocrx_word' id='word_1_45' title='bbox 783 537 896 589; x_wconf 85' lang='lat' dir='ltr'><strong>quasi</strong></span> <span class='ocrx_word' id='word_1_46' title='bbox 918 549 1137 588; x_wconf 84' lang='lat' dir='ltr'><strong>perpensa:</strong></span> <span class='ocrx_word' id='word_1_47' title='bbox 1169 536 1335 572; x_wconf 79' lang='lat' dir='ltr'><strong>solertia</strong></span> <span class='ocrx_word' id='word_1_48' title='bbox 1361 537 1467 573; x_wconf 87' lang='lat' dir='ltr'><strong>enim</strong></span> <span class='ocrx_word' id='word_1_49' title='bbox 1493 548 1594 586; x_wconf 84' lang='lat' dir='ltr'><strong>opus</strong></span> 
     </span>
     <span class='ocr_line' id='line_1_7' title="bbox 209 603 1598 653; baseline -0.004 -10"><span class='ocrx_word' id='word_1_50' title='bbox 209 612 320 653; x_wconf 81' lang='lat' dir='ltr'><strong>erat,</strong></span> <span class='ocrx_word' id='word_1_51' title='bbox 350 619 402 642; x_wconf 88' lang='lat' dir='ltr'><strong>ne</strong></span> <span class='ocrx_word' id='word_1_52' title='bbox 426 606 596 643; x_wconf 84' lang='lat' dir='ltr'><strong>nimium</strong></span> <span class='ocrx_word' id='word_1_53' title='bbox 620 605 728 642; x_wconf 89' lang='lat' dir='ltr'><strong>vires</strong></span> <span class='ocrx_word' id='word_1_54' title='bbox 751 604 946 641; x_wconf 81' lang='lat' dir='ltr'><strong>dexterae</strong></span> <span class='ocrx_word' id='word_1_55' title='bbox 981 610 1051 640; x_wconf 87' lang='lat' dir='ltr'><strong>aut</strong></span> <span class='ocrx_word' id='word_1_56' title='bbox 1082 603 1396 641; x_wconf 80' lang='lat' dir='ltr'><strong>intenderentur</strong></span> <span class='ocrx_word' id='word_1_57' title='bbox 1425 609 1496 639; x_wconf 85' lang='lat' dir='ltr'><strong>aut</strong></span> <span class='ocrx_word' id='word_1_58' title='bbox 1526 616 1598 639; x_wconf 85' lang='lat' dir='ltr'><strong>re-</strong></span> 
     </span>
     <span class='ocr_line' id='line_1_8' title="bbox 207 669 1599 723; baseline -0.003 -14"><span class='ocrx_word' id='word_1_59' title='bbox 207 672 474 710; x_wconf 80' lang='lat' dir='ltr'><strong>mitterentur</strong></span> <span class='ocrx_word' id='word_1_60' title='bbox 505 675 613 710; x_wconf 85' lang='lat' dir='ltr'><strong>inter</strong></span> <span class='ocrx_word' id='word_1_61' title='bbox 648 671 967 723; x_wconf 51' lang='lat' dir='ltr'><strong>proiiciendunu</strong></span> <span class='ocrx_word' id='word_1_62' title='bbox 1008 671 1159 708; x_wconf 88' lang='lat' dir='ltr'><strong>Lubin.</strong></span> <span class='ocrx_word' id='word_1_63' title='bbox 1231 669 1436 708; x_wconf 82' lang='lat' dir='ltr'><strong>Convenit</strong></span> <span class='ocrx_word' id='word_1_64' title='bbox 1476 669 1599 706; x_wconf 85' lang='lat' dir='ltr'><strong>etiam</strong></span> 
     </span>
     <span class='ocr_line' id='line_1_9' title="bbox 207 736 1599 790; baseline -0.003 -14"><span class='ocrx_word' id='word_1_65' title='bbox 207 740 378 790; x_wconf 81' lang='lat' dir='ltr'><strong>propria</strong></span> <span class='ocrx_word' id='word_1_66' title='bbox 409 740 471 777; x_wconf 83' lang='lat' dir='ltr'><strong>vis</strong></span> <span class='ocrx_word' id='word_1_67' title='bbox 500 752 661 776; x_wconf 88' lang='lat' dir='ltr'><strong>sursum</strong></span> <span class='ocrx_word' id='word_1_68' title='bbox 703 738 892 777; x_wconf 83' lang='lat' dir='ltr'><strong>deorsum</strong></span> <span class='ocrx_word' id='word_1_69' title='bbox 926 738 1141 785; x_wconf 82' lang='lat' dir='ltr'><strong>movendi,</strong></span> <span class='ocrx_word' id='word_1_70' title='bbox 1182 750 1283 788; x_wconf 84' lang='lat' dir='ltr'><strong>quae</strong></span> <span class='ocrx_word' id='word_1_71' title='bbox 1316 750 1339 773; x_wconf 89' lang='lat' dir='ltr'><strong>a</strong></span> <span class='ocrx_word' id='word_1_72' title='bbox 1375 736 1599 773; x_wconf 85' lang='lat' dir='ltr'><strong>fluctuante</strong></span> 
     </span>
     <span class='ocr_line' id='line_1_10' title="bbox 206 803 1599 856; baseline -0.003 -12"><span class='ocrx_word' id='word_1_73' title='bbox 206 805 337 844; x_wconf 82' lang='lat' dir='ltr'><strong>librae</strong></span> <span class='ocrx_word' id='word_1_74' title='bbox 369 811 484 843; x_wconf 85' lang='lat' dir='ltr'><strong>motu</strong></span> <span class='ocrx_word' id='word_1_75' title='bbox 514 806 699 843; x_wconf 80' lang='lat' dir='ltr'><strong>desumta</strong></span> <span class='ocrx_word' id='word_1_76' title='bbox 731 812 812 854; x_wconf 87' lang='lat' dir='ltr'><strong>est,</strong></span> <span class='ocrx_word' id='word_1_77' title='bbox 858 805 968 844; x_wconf 86' lang='lat' dir='ltr'><strong>unde</strong></span> <span class='ocrx_word' id='word_1_78' title='bbox 998 807 1147 856; x_wconf 82' lang='lat' dir='ltr'><strong>passim</strong></span> <span class='ocrx_word' id='word_1_79' title='bbox 1181 804 1231 841; x_wconf 86' lang='lat' dir='ltr'><strong>ad</strong></span> <span class='ocrx_word' id='word_1_80' title='bbox 1265 803 1401 841; x_wconf 83' lang='lat' dir='ltr'><strong>avium</strong></span> <span class='ocrx_word' id='word_1_81' title='bbox 1437 816 1599 854; x_wconf 84' lang='lat' dir='ltr'><strong>quoque</strong></span> 
     </span>
     <span class='ocr_line' id='line_1_11' title="bbox 208 870 1596 920; baseline -0.004 -9"><span class='ocrx_word' id='word_1_82' title='bbox 208 874 397 911; x_wconf 79' lang='lat' dir='ltr'><strong>volatum</strong></span> <span class='ocrx_word' id='word_1_83' title='bbox 431 873 679 911; x_wconf 85' lang='lat' dir='ltr'><strong>transfertur</strong></span> <span class='ocrx_word' id='word_1_84' title='bbox 711 871 788 911; x_wconf 87' lang='lat' dir='ltr'><strong>hoc</strong></span> <span class='ocrx_word' id='word_1_85' title='bbox 813 874 999 911; x_wconf 83' lang='lat' dir='ltr'><strong>verbum.</strong></span> <span class='ocrx_word' id='word_1_86' title='bbox 1030 895 1084 902; x_wconf 90' lang='lat'><em>-</em></span> <span class='ocrx_word' id='word_1_87' title='bbox 1140 872 1234 910; x_wconf 83' lang='lat'><strong>205.</strong></span> <span class='ocrx_word' id='word_1_88' title='bbox 1266 871 1325 907; x_wconf 79' lang='lat' dir='ltr'><strong>ad</strong></span> <span class='ocrx_word' id='word_1_89' title='bbox 1344 870 1596 920; x_wconf 72' lang='lat' dir='ltr'><strong>spectacula,</strong></span> 
     </span>
     <span class='ocr_line' id='line_1_12' title="bbox 206 937 1597 992; baseline -0.004 -15"><span class='ocrx_word' id='word_1_90' title='bbox 206 940 259 977; x_wconf 84' lang='lat' dir='ltr'><strong>ad</strong></span> <span class='ocrx_word' id='word_1_91' title='bbox 286 941 576 992; x_wconf 83' lang='lat' dir='ltr'><strong>spectationem</strong></span> <span class='ocrx_word' id='word_1_92' title='bbox 591 970 602 989; x_wconf 93' lang='lat'><strong><em>,</em></strong></span> <span class='ocrx_word' id='word_1_93' title='bbox 635 939 685 978; x_wconf 86' lang='lat' dir='ltr'><strong>ad</strong></span> <span class='ocrx_word' id='word_1_94' title='bbox 706 940 992 991; x_wconf 77' lang='lat' dir='ltr'><strong>spectandum3</strong></span> <span class='ocrx_word' id='word_1_95' title='bbox 1012 939 1079 977; x_wconf 81' lang='lat' dir='ltr'><strong>vel</strong></span> <span class='ocrx_word' id='word_1_96' title='bbox 1103 940 1240 990; x_wconf 89' lang='lat' dir='ltr'><strong>potius</strong></span> <span class='ocrx_word' id='word_1_97' title='bbox 1265 937 1314 975; x_wconf 85' lang='lat' dir='ltr'><strong>ad</strong></span> <span class='ocrx_word' id='word_1_98' title='bbox 1336 942 1597 988; x_wconf 84' lang='lat' dir='ltr'><strong>spectatores.</strong></span> 
     </span>
     <span class='ocr_line' id='line_1_13' title="bbox 208 1008 637 1056; baseline 0.002 -11"><span class='ocrx_word' id='word_1_99' title='bbox 208 1008 276 1046; x_wconf 83' lang='lat' dir='ltr'><strong>Cf.</strong></span> <span class='ocrx_word' id='word_1_100' title='bbox 304 1008 352 1047; x_wconf 85' lang='lat' dir='ltr'><strong>ad</strong></span> <span class='ocrx_word' id='word_1_101' title='bbox 377 1009 446 1046; x_wconf 79' lang='lat' dir='ltr'><strong>Sil.</strong></span> <span class='ocrx_word' id='word_1_102' title='bbox 472 1009 525 1056; x_wconf 84' lang='lat' dir='ltr'><strong>II,</strong></span> <span class='ocrx_word' id='word_1_103' title='bbox 543 1009 637 1046; x_wconf 84' lang='lat'><strong>230.</strong></span> 
     </span>
    </p>

    <p class='ocr_par' dir='ltr' id='par_1_3' title="bbox 198 1070 1600 2267">
     <span class='ocr_line' id='line_1_14' title="bbox 321 1070 1598 1126; baseline -0.004 -13"><span class='ocrx_word' id='word_1_104' title='bbox 321 1087 414 1124; x_wconf 85' lang='lat'><strong>207.</strong></span> <span class='ocrx_word' id='word_1_105' title='bbox 448 1077 484 1112; x_wconf 89' lang='lat'><strong>8.</strong></span> <span class='ocrx_word' id='word_1_106' title='bbox 544 1076 589 1112; x_wconf 88' lang='lat' dir='ltr'><strong>Si</strong></span> <span class='ocrx_word' id='word_1_107' title='bbox 613 1075 702 1126; x_wconf 87' lang='lat' dir='ltr'><strong>quis</strong></span> <span class='ocrx_word' id='word_1_108' title='bbox 729 1075 852 1113; x_wconf 88' lang='lat' dir='ltr'><strong>etiam</strong></span> <span class='ocrx_word' id='word_1_109' title='bbox 871 1087 980 1111; x_wconf 88' lang='lat' dir='ltr'><strong>nunc</strong></span> <span class='ocrx_word' id='word_1_110' title='bbox 1012 1073 1196 1120; x_wconf 82' lang='lat' dir='ltr'><strong>dubitat,</strong></span> <span class='ocrx_word' id='word_1_111' title='bbox 1233 1070 1468 1109; x_wconf 86' lang='lat' dir='ltr'><strong>Gracchum</strong></span> <span class='ocrx_word' id='word_1_112' title='bbox 1499 1085 1598 1120; x_wconf 82' lang='lat' dir='ltr'><strong>esse,</strong></span> 
     </span>
     <span class='ocr_line' id='line_1_15' title="bbox 209 1139 1600 1194; baseline -0.003 -15"><span class='ocrx_word' id='word_1_113' title='bbox 209 1143 281 1194; x_wconf 86' lang='lat' dir='ltr'><strong>qui</strong></span> <span class='ocrx_word' id='word_1_114' title='bbox 314 1143 358 1179; x_wconf 90' lang='lat' dir='ltr'><strong>in</strong></span> <span class='ocrx_word' id='word_1_115' title='bbox 394 1156 517 1180; x_wconf 89' lang='lat' dir='ltr'><strong>arena</strong></span> <span class='ocrx_word' id='word_1_116' title='bbox 550 1149 727 1194; x_wconf 85' lang='lat' dir='ltr'><strong>pugnet,</strong></span> <span class='ocrx_word' id='word_1_117' title='bbox 770 1155 894 1194; x_wconf 84' lang='lat' dir='ltr'><strong>quum</strong></span> <span class='ocrx_word' id='word_1_118' title='bbox 925 1148 1061 1179; x_wconf 82' lang='lat' dir='ltr'><strong>tamen</strong></span> <span class='ocrx_word' id='word_1_119' title='bbox 1082 1140 1191 1177; x_wconf 87' lang='lat' dir='ltr'><strong>nuda</strong></span> <span class='ocrx_word' id='word_1_120' title='bbox 1215 1141 1301 1177; x_wconf 87' lang='lat' dir='ltr'><strong>eius</strong></span> <span class='ocrx_word' id='word_1_121' title='bbox 1320 1139 1444 1176; x_wconf 85' lang='lat' dir='ltr'><strong>facies</strong></span> <span class='ocrx_word' id='word_1_122' title='bbox 1476 1139 1529 1176; x_wconf 89' lang='lat' dir='ltr'><strong>sit</strong></span> <span class='ocrx_word' id='word_1_123' title='bbox 1557 1143 1600 1176; x_wconf 90' lang='lat' dir='ltr'><strong>et</strong></span> 
     </span>
     <span class='ocr_line' id='line_1_16' title="bbox 208 1205 1599 1261; baseline -0.003 -14"><span class='ocrx_word' id='word_1_124' title='bbox 208 1210 260 1247; x_wconf 88' lang='lat' dir='ltr'><strong>ab</strong></span> <span class='ocrx_word' id='word_1_125' title='bbox 284 1211 470 1247; x_wconf 80' lang='lat' dir='ltr'><strong>omnibus</strong></span> <span class='ocrx_word' id='word_1_126' title='bbox 497 1210 685 1259; x_wconf 82' lang='lat' dir='ltr'><strong>cognosci</strong></span> <span class='ocrx_word' id='word_1_127' title='bbox 713 1217 856 1261; x_wconf 89' lang='lat' dir='ltr'><strong>queat,</strong></span> <span class='ocrx_word' id='word_1_128' title='bbox 886 1209 1117 1248; x_wconf 85' lang='lat' dir='ltr'><strong>evidentius</strong></span> <span class='ocrx_word' id='word_1_129' title='bbox 1141 1207 1185 1245; x_wconf 85' lang='lat' dir='ltr'><strong>id</strong></span> <span class='ocrx_word' id='word_1_130' title='bbox 1211 1207 1297 1244; x_wconf 85' lang='lat' dir='ltr'><strong>eius</strong></span> <span class='ocrx_word' id='word_1_131' title='bbox 1325 1205 1487 1244; x_wconf 86' lang='lat' dir='ltr'><strong>habitus</strong></span> <span class='ocrx_word' id='word_1_132' title='bbox 1520 1206 1599 1244; x_wconf 90' lang='lat' dir='ltr'><strong>do-</strong></span> 
     </span>
     <span class='ocr_line' id='line_1_17' title="bbox 205 1274 1598 1327; baseline -0.002 -14"><span class='ocrx_word' id='word_1_133' title='bbox 205 1277 343 1313; x_wconf 88' lang='lat' dir='ltr'><strong>cebit:</strong></span> <span class='ocrx_word' id='word_1_134' title='bbox 375 1290 468 1314; x_wconf 86' lang='lat' dir='ltr'><strong>nam</strong></span> <span class='ocrx_word' id='word_1_135' title='bbox 494 1290 576 1314; x_wconf 86' lang='lat' dir='ltr'><strong>non</strong></span> <span class='ocrx_word' id='word_1_136' title='bbox 600 1277 721 1314; x_wconf 87' lang='lat' dir='ltr'><strong>modo</strong></span> <span class='ocrx_word' id='word_1_137' title='bbox 756 1279 944 1314; x_wconf 78' lang='lat' dir='ltr'><strong>tunicam</strong></span> <span class='ocrx_word' id='word_1_138' title='bbox 978 1284 1018 1314; x_wconf 88' lang='lat' dir='ltr'><strong>et</strong></span> <span class='ocrx_word' id='word_1_139' title='bbox 1047 1276 1259 1327; x_wconf 74' lang='lat' dir='ltr'><strong>galerum,</strong></span> <span class='ocrx_word' id='word_1_140' title='bbox 1294 1281 1346 1311; x_wconf 64' lang='lat' dir='ltr'><strong>‘ut</strong></span> <span class='ocrx_word' id='word_1_141' title='bbox 1378 1274 1598 1321; x_wconf 85' lang='lat' dir='ltr'><strong>Retiarius,</strong></span> 
     </span>
     <span class='ocr_line' id='line_1_18' title="bbox 212 1342 1597 1394; baseline -0.001 -14"><span class='ocrx_word' id='word_1_142' title='bbox 212 1349 371 1393; x_wconf 87' lang='lat' dir='ltr'><strong>gestat,</strong></span> <span class='ocrx_word' id='word_1_143' title='bbox 401 1344 471 1381; x_wconf 88' lang='lat' dir='ltr'><strong>sed</strong></span> <span class='ocrx_word' id='word_1_144' title='bbox 498 1346 643 1391; x_wconf 86' lang='lat' dir='ltr'><strong>etiam,</strong></span> <span class='ocrx_word' id='word_1_145' title='bbox 671 1351 718 1381; x_wconf 89' lang='lat' dir='ltr'><strong>ut</strong></span> <span class='ocrx_word' id='word_1_146' title='bbox 737 1344 893 1392; x_wconf 85' lang='lat' dir='ltr'><strong>Salius,</strong></span> <span class='ocrx_word' id='word_1_147' title='bbox 923 1344 1100 1394; x_wconf 86' lang='lat' dir='ltr'><strong>(Salium</strong></span> <span class='ocrx_word' id='word_1_148' title='bbox 1127 1343 1236 1380; x_wconf 86' lang='lat' dir='ltr'><strong>enim</strong></span> <span class='ocrx_word' id='word_1_149' title='bbox 1256 1342 1383 1380; x_wconf 85' lang='lat' dir='ltr'><strong>fuisse</strong></span> <span class='ocrx_word' id='word_1_150' title='bbox 1401 1355 1515 1390; x_wconf 86' lang='lat' dir='ltr'><strong>eum,</strong></span> <span class='ocrx_word' id='word_1_151' title='bbox 1542 1355 1597 1379; x_wconf 76' lang='lat' dir='ltr'><strong>ex</strong></span> 
     </span>
     <span class='ocr_line' id='line_1_19' title="bbox 215 1408 1594 1464; baseline -0.001 -17"><span class='ocrx_word' id='word_1_152' title='bbox 215 1410 296 1448; x_wconf 85' lang='lat' dir='ltr'><strong>Sat.</strong></span> <span class='ocrx_word' id='word_1_153' title='bbox 321 1411 374 1458; x_wconf 87' lang='lat' dir='ltr'><strong>II,</strong></span> <span class='ocrx_word' id='word_1_154' title='bbox 399 1412 486 1448; x_wconf 84' lang='lat'><strong>125.</strong></span> <span class='ocrx_word' id='word_1_155' title='bbox 508 1411 544 1448; x_wconf 83' lang='lat' dir='ltr'><strong>G.</strong></span> <span class='ocrx_word' id='word_1_156' title='bbox 571 1409 834 1464; x_wconf 79' lang='lat' dir='ltr'><strong>intelligitur)</strong></span> <span class='ocrx_word' id='word_1_157' title='bbox 863 1414 1050 1449; x_wconf 73' lang='lat' dir='ltr'><strong>tunicam,</strong></span> <span class='ocrx_word' id='word_1_158' title='bbox 1072 1425 1242 1448; x_wconf 79' lang='lat' dir='ltr'><strong>auream</strong></span> <span class='ocrx_word' id='word_1_159' title='bbox 1262 1424 1292 1447; x_wconf 87' lang='lat' dir='ltr'><strong>s.</strong></span> <span class='ocrx_word' id='word_1_160' title='bbox 1318 1409 1478 1460; x_wconf 84' lang='lat' dir='ltr'><strong>pictam,</strong></span> <span class='ocrx_word' id='word_1_161' title='bbox 1496 1408 1536 1446; x_wconf 88' lang='lat' dir='ltr'><strong>h.</strong></span> <span class='ocrx_word' id='word_1_162' title='bbox 1560 1423 1594 1446; x_wconf 89' lang='lat' dir='ltr'><strong>e.</strong></span> 
     </span>
     <span class='ocr_line' id='line_1_20' title="bbox 205 1477 1594 1528; baseline -0.001 -14"><span class='ocrx_word' id='word_1_163' title='bbox 205 1490 305 1514; x_wconf 84' lang='lat' dir='ltr'><strong>auro</strong></span> <span class='ocrx_word' id='word_1_164' title='bbox 355 1483 397 1513; x_wconf 85' lang='lat' dir='ltr'><strong>et</strong></span> <span class='ocrx_word' id='word_1_165' title='bbox 429 1491 614 1528; x_wconf 87' lang='lat' dir='ltr'><strong>purpura</strong></span> <span class='ocrx_word' id='word_1_166' title='bbox 647 1478 914 1528; x_wconf 76' lang='lat' dir='ltr'><strong>variegatam,</strong></span> <span class='ocrx_word' id='word_1_167' title='bbox 966 1478 1081 1515; x_wconf 88' lang='lat' dir='ltr'><strong>cuius</strong></span> <span class='ocrx_word' id='word_1_168' title='bbox 1123 1490 1290 1514; x_wconf 83' lang='lat' dir='ltr'><strong>aureum</strong></span> <span class='ocrx_word' id='word_1_169' title='bbox 1326 1477 1531 1527; x_wconf 83' lang='lat' dir='ltr'><strong>patagium</strong></span> <span class='ocrx_word' id='word_1_170' title='bbox 1561 1491 1594 1513; x_wconf 76' lang='lat' dir='ltr'><strong>s⁴</strong></span> 
     </span>
     <span class='ocr_line' id='line_1_21' title="bbox 204 1543 1595 1595; baseline 0.001 -15"><span class='ocrx_word' id='word_1_171' title='bbox 204 1544 357 1581; x_wconf 87' lang='lat' dir='ltr'><strong>limbus</strong></span> <span class='ocrx_word' id='word_1_172' title='bbox 394 1550 436 1580; x_wconf 89' lang='lat' dir='ltr'><strong>et</strong></span> <span class='ocrx_word' id='word_1_173' title='bbox 471 1545 608 1582; x_wconf 72' lang='lat' dir='ltr'><strong>clavus</strong></span> <span class='ocrx_word' id='word_1_174' title='bbox 649 1559 671 1580; x_wconf 78' lang='lat' dir='ltr'><strong>a</strong></span> <span class='ocrx_word' id='word_1_175' title='bbox 700 1545 912 1595; x_wconf 84' lang='lat' dir='ltr'><strong>superiore</strong></span> <span class='ocrx_word' id='word_1_176' title='bbox 944 1545 1030 1581; x_wconf 87' lang='lat' dir='ltr'><strong>eius</strong></span> <span class='ocrx_word' id='word_1_177' title='bbox 1063 1550 1180 1594; x_wconf 81' lang='lat' dir='ltr'><strong>parte</strong></span> <span class='ocrx_word' id='word_1_178' title='bbox 1212 1544 1321 1580; x_wconf 72' lang='lat' dir='ltr'><strong>circa</strong></span> <span class='ocrx_word' id='word_1_179' title='bbox 1357 1545 1512 1594; x_wconf 78' lang='lat' dir='ltr'><strong>fauces</strong></span> <span class='ocrx_word' id='word_1_180' title='bbox 1543 1543 1595 1581; x_wconf 81' lang='lat' dir='ltr'><strong>ad</strong></span> 
     </span>
     <span class='ocr_line' id='line_1_22' title="bbox 205 1609 1594 1663; baseline 0.001 -16"><span class='ocrx_word' id='word_1_181' title='bbox 205 1611 331 1648; x_wconf 80' lang='lat' dir='ltr'><strong>imam</strong></span> <span class='ocrx_word' id='word_1_182' title='bbox 355 1625 465 1648; x_wconf 89' lang='lat' dir='ltr'><strong>oram</strong></span> <span class='ocrx_word' id='word_1_183' title='bbox 482 1615 741 1663; x_wconf 69' lang='lat' dir='ltr'><strong>porrigitur,</strong></span> <span class='ocrx_word' id='word_1_184' title='bbox 782 1618 823 1649; x_wconf 87' lang='lat' dir='ltr'><strong>et</strong></span> <span class='ocrx_word' id='word_1_185' title='bbox 842 1612 1056 1662; x_wconf 77' lang='lat' dir='ltr'><strong>galerum,</strong></span> <span class='ocrx_word' id='word_1_186' title='bbox 1086 1609 1124 1647; x_wconf 91' lang='lat' dir='ltr'><strong>h.</strong></span> <span class='ocrx_word' id='word_1_187' title='bbox 1150 1624 1183 1647; x_wconf 88' lang='lat' dir='ltr'><strong>e.</strong></span> <span class='ocrx_word' id='word_1_188' title='bbox 1205 1611 1361 1660; x_wconf 85' lang='lat' dir='ltr'><strong>apicem</strong></span> <span class='ocrx_word' id='word_1_189' title='bbox 1384 1624 1412 1647; x_wconf 88' lang='lat' dir='ltr'><strong>s.</strong></span> <span class='ocrx_word' id='word_1_190' title='bbox 1438 1611 1594 1662; x_wconf 86' lang='lat' dir='ltr'><strong>pileum</strong></span> 
     </span>
     <span class='ocr_line' id='line_1_23' title="bbox 202 1678 1593 1730; baseline 0 -15"><span class='ocrx_word' id='word_1_191' title='bbox 202 1678 249 1715; x_wconf 87' lang='lat' dir='ltr'><strong>in</strong></span> <span class='ocrx_word' id='word_1_192' title='bbox 273 1680 365 1716; x_wconf 87' lang='lat' dir='ltr'><strong>coni</strong></span> <span class='ocrx_word' id='word_1_193' title='bbox 400 1678 576 1716; x_wconf 82' lang='lat' dir='ltr'><strong>formam</strong></span> <span class='ocrx_word' id='word_1_194' title='bbox 611 1679 887 1728; x_wconf 78' lang='lat' dir='ltr'><strong>fastigiatum,</strong></span> <span class='ocrx_word' id='word_1_195' title='bbox 923 1678 1200 1730; x_wconf 78' lang='grc' dir='ltr'>(κυρβασίαν)</span> <span class='ocrx_word' id='word_1_196' title='bbox 1239 1678 1309 1729; x_wconf 84' lang='lat' dir='ltr'><strong>qui</strong></span> <span class='ocrx_word' id='word_1_197' title='bbox 1341 1678 1414 1715; x_wconf 90' lang='lat' dir='ltr'><strong>sub</strong></span> <span class='ocrx_word' id='word_1_198' title='bbox 1453 1684 1593 1716; x_wconf 87' lang='lat' dir='ltr'><strong>mento</strong></span> 
     </span>
     <span class='ocr_line' id='line_1_24' title="bbox 202 1743 1593 1796; baseline 0 -14"><span class='ocrx_word' id='word_1_199' title='bbox 202 1746 390 1783; x_wconf 84' lang='lat' dir='ltr'><strong>vincitur</strong></span> <span class='ocrx_word' id='word_1_200' title='bbox 411 1748 554 1796; x_wconf 75' lang='lat' dir='ltr'><strong>spira,</strong></span> <span class='ocrx_word' id='word_1_201' title='bbox 583 1745 733 1792; x_wconf 80' lang='lat' dir='ltr'><strong>fasciis,</strong></span> <span class='ocrx_word' id='word_1_202' title='bbox 763 1758 864 1796; x_wconf 85' lang='lat' dir='ltr'><strong>quae</strong></span> <span class='ocrx_word' id='word_1_203' title='bbox 889 1746 1125 1789; x_wconf 68' lang='lat' dir='ltr'><strong>iactantur,</strong></span> <span class='ocrx_word' id='word_1_204' title='bbox 1152 1746 1284 1782; x_wconf 90' lang='lat' dir='ltr'><strong>libere</strong></span> <span class='ocrx_word' id='word_1_205' title='bbox 1304 1758 1378 1795; x_wconf 82' lang='lat' dir='ltr'><strong>per</strong></span> <span class='ocrx_word' id='word_1_206' title='bbox 1399 1743 1593 1787; x_wconf 74' lang='lat' dir='ltr'><strong>humeros</strong></span> 
     </span>
     <span class='ocr_line' id='line_1_25' title="bbox 203 1808 1593 1863; baseline 0 -14"><span class='ocrx_word' id='word_1_207' title='bbox 203 1811 376 1850; x_wconf 83' lang='lat' dir='ltr'><strong>fluitant.</strong></span> <span class='ocrx_word' id='word_1_208' title='bbox 405 1808 447 1831; x_wconf 80' lang='lat'><strong>⁶²</strong></span> <span class='ocrx_word' id='word_1_209' title='bbox 531 1811 742 1849; x_wconf 87' lang='lat' dir='ltr'><strong>Gracchus</strong></span> <span class='ocrx_word' id='word_1_210' title='bbox 781 1813 919 1863; x_wconf 82' lang='lat' dir='ltr'><strong>itaque</strong></span> <span class='ocrx_word' id='word_1_211' title='bbox 959 1825 1042 1849; x_wconf 89' lang='lat' dir='ltr'><strong>non</strong></span> <span class='ocrx_word' id='word_1_212' title='bbox 1088 1811 1209 1850; x_wconf 87' lang='lat' dir='ltr'><strong>modo</strong></span> <span class='ocrx_word' id='word_1_213' title='bbox 1250 1825 1335 1849; x_wconf 84' lang='lat' dir='ltr'><strong>uon</strong></span> <span class='ocrx_word' id='word_1_214' title='bbox 1378 1812 1593 1861; x_wconf 82' lang='lat' dir='ltr'><strong>erubescit,&#39;</strong></span> 
     </span>
     <span class='ocr_line' id='line_1_26' title="bbox 200 1879 1592 1931; baseline 0 -14"><span class='ocrx_word' id='word_1_215' title='bbox 200 1886 356 1931; x_wconf 58' lang='lat' dir='ltr'><strong>sponte,</strong></span> <span class='ocrx_word' id='word_1_216' title='bbox 382 1894 548 1930; x_wconf 84' lang='lat' dir='ltr'><strong>operam</strong></span> <span class='ocrx_word' id='word_1_217' title='bbox 584 1894 697 1918; x_wconf 85' lang='lat' dir='ltr'><strong>suam</strong></span> <span class='ocrx_word' id='word_1_218' title='bbox 732 1893 879 1917; x_wconf 79' lang='lat' dir='ltr'><strong>arenae</strong></span> <span class='ocrx_word' id='word_1_219' title='bbox 910 1884 1139 1929; x_wconf 85' lang='lat' dir='ltr'><strong>praestare,</strong></span> <span class='ocrx_word' id='word_1_220' title='bbox 1178 1879 1249 1916; x_wconf 87' lang='lat' dir='ltr'><strong>sed</strong></span> <span class='ocrx_word' id='word_1_221' title='bbox 1276 1880 1398 1917; x_wconf 83' lang='lat' dir='ltr'><strong>ctiam</strong></span> <span class='ocrx_word' id='word_1_222' title='bbox 1426 1894 1474 1917; x_wconf 90' lang='lat' dir='ltr'><strong>eo</strong></span> <span class='ocrx_word' id='word_1_223' title='bbox 1508 1894 1592 1930; x_wconf 88' lang='lat' dir='ltr'><strong>pu·-</strong></span> 
     </span>
     <span class='ocr_line' id='line_1_27' title="bbox 200 1946 1592 1999; baseline 0.001 -15"><span class='ocrx_word' id='word_1_224' title='bbox 200 1961 326 1998; x_wconf 82' lang='lat' dir='ltr'><strong>guare</strong></span> <span class='ocrx_word' id='word_1_225' title='bbox 347 1946 515 1995; x_wconf 78' lang='lat' dir='ltr'><strong>habitu,</strong></span> <span class='ocrx_word' id='word_1_226' title='bbox 543 1961 622 1999; x_wconf 90' lang='lat' dir='ltr'><strong>quo</strong></span> <span class='ocrx_word' id='word_1_227' title='bbox 655 1949 703 1985; x_wconf 82' lang='lat' dir='ltr'><strong>ab</strong></span> <span class='ocrx_word' id='word_1_228' title='bbox 726 1947 911 1984; x_wconf 81' lang='lat' dir='ltr'><strong>omnibus</strong></span> <span class='ocrx_word' id='word_1_229' title='bbox 935 1946 1117 1996; x_wconf 82' lang='lat' dir='ltr'><strong>dignosci</strong></span> <span class='ocrx_word' id='word_1_230' title='bbox 1141 1952 1325 1997; x_wconf 84' lang='lat' dir='ltr'><strong>poterat,</strong></span> <span class='ocrx_word' id='word_1_231' title='bbox 1349 1947 1460 1985; x_wconf 88' lang='lat' dir='ltr'><strong>nudo</strong></span> <span class='ocrx_word' id='word_1_232' title='bbox 1472 1949 1592 1985; x_wconf 85' lang='lat' dir='ltr'><strong>vultu</strong></span> 
     </span>
     <span class='ocr_line' id='line_1_28' title="bbox 199 2014 1591 2065; baseline 0 -14"><span class='ocrx_word' id='word_1_233' title='bbox 199 2022 321 2065; x_wconf 83' lang='lat' dir='ltr'><strong>atque</strong></span> <span class='ocrx_word' id='word_1_234' title='bbox 353 2014 500 2051; x_wconf 77' lang='lat' dir='ltr'><strong>Saliari</strong></span> <span class='ocrx_word' id='word_1_235' title='bbox 532 2016 671 2052; x_wconf 85' lang='lat' dir='ltr'><strong>tunica</strong></span> <span class='ocrx_word' id='word_1_236' title='bbox 703 2021 744 2052; x_wconf 85' lang='lat' dir='ltr'><strong>et</strong></span> <span class='ocrx_word' id='word_1_237' title='bbox 777 2015 902 2064; x_wconf 85' lang='lat' dir='ltr'><strong>apice.</strong></span> <span class='ocrx_word' id='word_1_238' title='bbox 941 2035 997 2043; x_wconf 84' lang='lat'><strong>—-</strong></span> <span class='ocrx_word' id='word_1_239' title='bbox 1067 2026 1161 2065; x_wconf 84' lang='lat'><strong>209.</strong></span> <span class='ocrx_word' id='word_1_240' title='bbox 1195 2026 1290 2052; x_wconf 85' lang='lat'><strong>210.</strong></span> <span class='ocrx_word' id='word_1_241' title='bbox 1336 2015 1530 2059; x_wconf 78' lang='lat' dir='ltr'><strong>Secutor,</strong></span> <span class='ocrx_word' id='word_1_242' title='bbox 1567 2029 1591 2052; x_wconf 83' lang='lat' dir='ltr'><strong>a</strong></span> 
     </span>
     <span class='ocr_line' id='line_1_29' title="bbox 198 2077 1590 2134; baseline 0.001 -15"><span class='ocrx_word' id='word_1_243' title='bbox 198 2079 399 2119; x_wconf 86' lang='lat' dir='ltr'><strong>Praetore</strong></span> <span class='ocrx_word' id='word_1_244' title='bbox 431 2081 499 2120; x_wconf 88' lang='lat' dir='ltr'><strong>vel</strong></span> <span class='ocrx_word' id='word_1_245' title='bbox 533 2082 768 2118; x_wconf 84' lang='lat' dir='ltr'><strong>munerario</strong></span> <span class='ocrx_word' id='word_1_246' title='bbox 806 2081 874 2118; x_wconf 90' lang='lat' dir='ltr'><strong>vel</strong></span> <span class='ocrx_word' id='word_1_247' title='bbox 907 2081 1052 2118; x_wconf 82' lang='lat' dir='ltr'><strong>lanista</strong></span> <span class='ocrx_word' id='word_1_248' title='bbox 1085 2077 1255 2134; x_wconf 82' lang='lat' dir='ltr'><strong>(quippe</strong></span> <span class='ocrx_word' id='word_1_249' title='bbox 1284 2082 1353 2134; x_wconf 88' lang='lat' dir='ltr'><strong>qui</strong></span> <span class='ocrx_word' id='word_1_250' title='bbox 1370 2083 1483 2133; x_wconf 86' lang='lat' dir='ltr'><strong>paria</strong></span> <span class='ocrx_word' id='word_1_251' title='bbox 1502 2083 1590 2133; x_wconf 84' lang='lat' dir='ltr'><strong>gla-</strong></span> 
     </span>
     <span class='ocr_line' id='line_1_30' title="bbox 202 2144 1590 2199; baseline 0.001 -14"><span class='ocrx_word' id='word_1_252' title='bbox 202 2148 408 2186; x_wconf 87' lang='lat' dir='ltr'><strong>diatorum</strong></span> <span class='ocrx_word' id='word_1_253' title='bbox 430 2149 540 2186; x_wconf 88' lang='lat' dir='ltr'><strong>inter</strong></span> <span class='ocrx_word' id='word_1_254' title='bbox 567 2162 609 2185; x_wconf 88' lang='lat' dir='ltr'><strong>se</strong></span> <span class='ocrx_word' id='word_1_255' title='bbox 634 2144 919 2199; x_wconf 85' lang='lat' dir='ltr'><strong>componebat)</strong></span> <span class='ocrx_word' id='word_1_256' title='bbox 950 2149 1086 2184; x_wconf 72' lang='lat' dir='ltr'><strong>iussas</strong></span> <span class='ocrx_word' id='word_1_257' title='bbox 1107 2162 1299 2198; x_wconf 76' lang='lat' dir='ltr'><strong>pugnare</strong></span> <span class='ocrx_word' id='word_1_258' title='bbox 1331 2163 1424 2186; x_wconf 74' lang='lat' dir='ltr'><strong>cum</strong></span> <span class='ocrx_word' id='word_1_259' title='bbox 1455 2150 1590 2187; x_wconf 83' lang='lat' dir='ltr'><strong>Grac·-</strong></span> 
     </span>
     <span class='ocr_line' id='line_1_31' title="bbox 201 2215 1586 2267; baseline 0.003 -16"><span class='ocrx_word' id='word_1_260' title='bbox 201 2215 298 2259; x_wconf 75' lang='lat' dir='ltr'><strong>clzo,</strong></span> <span class='ocrx_word' id='word_1_261' title='bbox 341 2217 618 2267; x_wconf 75' lang='lat' dir='ltr'><strong>ignominiam</strong></span> <span class='ocrx_word' id='word_1_262' title='bbox 648 2216 886 2266; x_wconf 73' lang='lat' dir='ltr'><strong>graviorem</strong></span> <span class='ocrx_word' id='word_1_263' title='bbox 908 2215 1086 2265; x_wconf 72' lang='lat' dir='ltr'><strong>pertulit</strong></span> <span class='ocrx_word' id='word_1_264' title='bbox 1115 2217 1228 2252; x_wconf 73' lang='lat' dir='ltr'><strong>omni</strong></span> <span class='ocrx_word' id='word_1_265' title='bbox 1252 2217 1440 2266; x_wconf 57' lang='lat' dir='ltr'><strong>vulnere,</strong></span> <span class='ocrx_word' id='word_1_266' title='bbox 1478 2215 1519 2254; x_wconf 85' lang='lat' dir='ltr'><strong>h.</strong></span> <span class='ocrx_word' id='word_1_267' title='bbox 1549 2231 1586 2255; x_wconf 84' lang='lat' dir='ltr'><strong>e.</strong></span> 
     </span>
    </p>
   </div>
   <div class='ocr_carea' id='block_1_3' title="bbox 187 2334 1591 2722">
    <p class='ocr_par' dir='ltr' id='par_1_4' title="bbox 187 2334 1591 2722">
     <span class='ocr_line' id='line_1_32' title="bbox 246 2334 1591 2383; baseline 0.004 -16"><span class='ocrx_word' id='word_1_268' title='bbox 246 2335 306 2368; x_wconf 87' lang='lat'><strong>62.</strong></span> <span class='ocrx_word' id='word_1_269' title='bbox 364 2335 422 2368; x_wconf 80' lang='lat' dir='ltr'><strong>Cs.</strong></span> <span class='ocrx_word' id='word_1_270' title='bbox 458 2336 501 2368; x_wconf 90' lang='lat' dir='ltr'><strong>de</strong></span> <span class='ocrx_word' id='word_1_271' title='bbox 539 2335 719 2369; x_wconf 80' lang='lat' dir='ltr'><strong>Saliorum</strong></span> <span class='ocrx_word' id='word_1_272' title='bbox 750 2336 873 2369; x_wconf 79' lang='lat' dir='ltr'><strong>habitu</strong></span> <span class='ocrx_word' id='word_1_273' title='bbox 931 2334 1058 2378; x_wconf 83' lang='lat' dir='ltr'><strong>Cuper.</strong></span> <span class='ocrx_word' id='word_1_274' title='bbox 1100 2335 1291 2379; x_wconf 85' lang='lat' dir='ltr'><strong>Apotheos.</strong></span> <span class='ocrx_word' id='word_1_275' title='bbox 1324 2338 1430 2383; x_wconf 80' lang='lat' dir='ltr'><strong>Hom.</strong></span> <span class='ocrx_word' id='word_1_276' title='bbox 1469 2350 1503 2381; x_wconf 88' lang='lat' dir='ltr'><strong>p.</strong></span> <span class='ocrx_word' id='word_1_277' title='bbox 1539 2350 1591 2373; x_wconf 81' lang='lat' dir='ltr'><strong>m·</strong></span> 
     </span>
     <span class='ocr_line' id='line_1_33' title="bbox 200 2391 1588 2438; baseline 0.004 -14"><span class='ocrx_word' id='word_1_278' title='bbox 200 2392 273 2425; x_wconf 81' lang='lat' dir='ltr'><strong>Liv.</strong></span> <span class='ocrx_word' id='word_1_279' title='bbox 294 2393 386 2434; x_wconf 82' lang='lat' dir='ltr'><strong>1‚2o.</strong></span> <span class='ocrx_word' id='word_1_280' title='bbox 406 2403 439 2425; x_wconf 77' lang='lat' dir='ltr'><strong>et</strong></span> <span class='ocrx_word' id='word_1_281' title='bbox 461 2394 605 2438; x_wconf 74' lang='lat' dir='ltr'><strong>Dionys.</strong></span> <span class='ocrx_word' id='word_1_282' title='bbox 631 2395 709 2425; x_wconf 74' lang='lat' dir='ltr'><strong>Hal.</strong></span> <span class='ocrx_word' id='word_1_283' title='bbox 737 2393 789 2434; x_wconf 75' lang='grc' dir='ltr'><strong>ΙΙ,</strong></span> <span class='ocrx_word' id='word_1_284' title='bbox 817 2404 871 2436; x_wconf 89' lang='lat'><strong>70.</strong></span> <span class='ocrx_word' id='word_1_285' title='bbox 933 2391 994 2435; x_wconf 88' lang='lat'><strong>187</strong></span> <span class='ocrx_word' id='word_1_286' title='bbox 1021 2404 1092 2434; x_wconf 84' lang='lat' dir='ltr'><strong>seq.</strong></span> <span class='ocrx_word' id='word_1_287' title='bbox 1127 2394 1188 2425; x_wconf 87' lang='lat' dir='ltr'><strong>ubi</strong></span> <span class='ocrx_word' id='word_1_288' title='bbox 1226 2395 1334 2427; x_wconf 82' lang='lat' dir='ltr'><strong>etiam</strong></span> <span class='ocrx_word' id='word_1_289' title='bbox 1372 2407 1413 2428; x_wconf 82' lang='lat' dir='ltr'><strong>ex</strong></span> <span class='ocrx_word' id='word_1_290' title='bbox 1439 2395 1588 2428; x_wconf 88' lang='lat' dir='ltr'><strong>Guther.</strong></span> 
     </span>
     <span class='ocr_line' id='line_1_34' title="bbox 201 2448 1586 2497; baseline 0.003 -16"><span class='ocrx_word' id='word_1_291' title='bbox 201 2448 245 2480; x_wconf 88' lang='lat' dir='ltr'><strong>de</strong></span> <span class='ocrx_word' id='word_1_292' title='bbox 272 2450 414 2495; x_wconf 72' lang='lat' dir='ltr'><strong>fasciis</strong></span> <span class='ocrx_word' id='word_1_293' title='bbox 447 2452 522 2483; x_wconf 85' lang='lat' dir='ltr'><strong>illis</strong></span> <span class='ocrx_word' id='word_1_294' title='bbox 549 2460 582 2483; x_wconf 82' lang='lat' dir='ltr'><strong>et</strong></span> <span class='ocrx_word' id='word_1_295' title='bbox 614 2451 718 2494; x_wconf 81' lang='lat' dir='ltr'><strong>apice</strong></span> <span class='ocrx_word' id='word_1_296' title='bbox 740 2449 869 2492; x_wconf 73' lang='lat' dir='ltr'><strong>scalig.</strong></span> <span class='ocrx_word' id='word_1_297' title='bbox 929 2448 971 2480; x_wconf 88' lang='lat' dir='ltr'><strong>de</strong></span> <span class='ocrx_word' id='word_1_298' title='bbox 991 2457 1056 2481; x_wconf 80' lang='lat' dir='ltr'><strong>vet.</strong></span> <span class='ocrx_word' id='word_1_299' title='bbox 1080 2452 1146 2483; x_wconf 83' lang='lat' dir='ltr'><strong>iur.</strong></span> <span class='ocrx_word' id='word_1_300' title='bbox 1165 2450 1295 2483; x_wconf 77' lang='lat' dir='ltr'><strong>Pontif.</strong></span> <span class='ocrx_word' id='word_1_301' title='bbox 1322 2451 1348 2491; x_wconf 92' lang='lat' dir='ltr'><strong>I,</strong></span> <span class='ocrx_word' id='word_1_302' title='bbox 1364 2464 1418 2497; x_wconf 86' lang='lat'><strong>29.</strong></span> <span class='ocrx_word' id='word_1_303' title='bbox 1439 2454 1586 2485; x_wconf 75' lang='lat' dir='ltr'><strong>exhibe-</strong></span> 
     </span>
     <span class='ocr_line' id='line_1_35' title="bbox 204 2505 1586 2552; baseline 0.004 -15"><span class='ocrx_word' id='word_1_304' title='bbox 204 2505 249 2538; x_wconf 82' lang='lat' dir='ltr'><strong>ad</strong></span> <span class='ocrx_word' id='word_1_305' title='bbox 275 2507 367 2540; x_wconf 86' lang='lat' dir='ltr'><strong>Fest.</strong></span> <span class='ocrx_word' id='word_1_306' title='bbox 390 2520 422 2541; x_wconf 86' lang='lat' dir='ltr'><strong>v.</strong></span> <span class='ocrx_word' id='word_1_307' title='bbox 453 2507 634 2551; x_wconf 80' lang='lat' dir='ltr'><strong>apiculum</strong></span> <span class='ocrx_word' id='word_1_308' title='bbox 668 2516 771 2549; x_wconf 83' lang='lat' dir='ltr'><strong>atque</strong></span> <span class='ocrx_word' id='word_1_309' title='bbox 809 2506 869 2550; x_wconf 80' lang='lat' dir='ltr'><strong><em>⁰f&#39;·</em></strong></span> <span class='ocrx_word' id='word_1_310' title='bbox 917 2510 983 2537; x_wconf 67' lang='lat' dir='ltr'><strong>‘tur</strong></span> <span class='ocrx_word' id='word_1_311' title='bbox 1011 2518 1139 2539; x_wconf 85' lang='lat' dir='ltr'><strong>numus</strong></span> <span class='ocrx_word' id='word_1_312' title='bbox 1172 2510 1287 2550; x_wconf 80' lang='lat' dir='ltr'><strong>gentis</strong></span> <span class='ocrx_word' id='word_1_313' title='bbox 1321 2508 1586 2552; x_wconf 80' lang='lat' dir='ltr'><strong>P01npiliae‚iu</strong></span> 
     </span>
     <span class='ocr_line' id='line_1_36' title="bbox 187 2561 1583 2610; baseline 0.004 -17"><span class='ocrx_word' id='word_1_314' title='bbox 187 2561 384 2606; x_wconf 73' lang='lat' dir='ltr'><strong>fendices,</strong></span> <span class='ocrx_word' id='word_1_315' title='bbox 426 2574 459 2596; x_wconf 90' lang='lat' dir='ltr'><strong>et</strong></span> <span class='ocrx_word' id='word_1_316' title='bbox 493 2565 536 2596; x_wconf 87' lang='lat' dir='ltr'><strong>de</strong></span> <span class='ocrx_word' id='word_1_317' title='bbox 572 2574 647 2597; x_wconf 88' lang='lat' dir='ltr'><strong>toto</strong></span> <span class='ocrx_word' id='word_1_318' title='bbox 686 2565 752 2596; x_wconf 54' lang='lat' dir='ltr'><strong>heac</strong></span> <span class='ocrx_word' id='word_1_319' title='bbox 789 2565 867 2595; x_wconf 87' lang='lat' dir='ltr'><strong>loco</strong></span> <span class='ocrx_word' id='word_1_320' title='bbox 927 2575 995 2606; x_wconf 91' lang='lat' dir='ltr'><strong>quo</strong></span> <span class='ocrx_word' id='word_1_321' title='bbox 1022 2565 1144 2597; x_wconf 81' lang='lat' dir='ltr'><strong>fascias</strong></span> <span class='ocrx_word' id='word_1_322' title='bbox 1169 2565 1299 2597; x_wconf 86' lang='lat' dir='ltr'><strong>liberas</strong></span> <span class='ocrx_word' id='word_1_323' title='bbox 1322 2574 1354 2597; x_wconf 85' lang='lat' dir='ltr'><strong>et</strong></span> <span class='ocrx_word' id='word_1_324' title='bbox 1377 2579 1439 2610; x_wconf 87' lang='lat' dir='ltr'><strong>per</strong></span> <span class='ocrx_word' id='word_1_325' title='bbox 1454 2567 1583 2598; x_wconf 86' lang='lat' dir='ltr'><strong>hume-</strong></span> 
     </span>
     <span class='ocr_line' id='line_1_37' title="bbox 198 2621 1581 2666; baseline 0.007 -16"><span class='ocrx_word' id='word_1_326' title='bbox 198 2628 336 2661; x_wconf 78' lang='lat' dir='ltr'><strong>praeter</strong></span> <span class='ocrx_word' id='word_1_327' title='bbox 371 2621 506 2654; x_wconf 64' lang='lat' dir='ltr'><strong>Feri-ar.</strong></span> <span class='ocrx_word' id='word_1_328' title='bbox 539 2622 650 2654; x_wconf 83' lang='lat' dir='ltr'><strong>Elect.</strong></span> <span class='ocrx_word' id='word_1_329' title='bbox 675 2624 725 2663; x_wconf 92' lang='lat'><strong>11,</strong></span> <span class='ocrx_word' id='word_1_330' title='bbox 753 2621 805 2655; x_wconf 76' lang='grc'><strong>16.</strong></span> <span class='ocrx_word' id='word_1_331' title='bbox 832 2629 866 2654; x_wconf 86' lang='lat' dir='ltr'><strong>et</strong></span> <span class='ocrx_word' id='word_1_332' title='bbox 921 2634 976 2654; x_wconf 83' lang='lat' dir='ltr'><strong>ros</strong></span> <span class='ocrx_word' id='word_1_333' title='bbox 1010 2622 1199 2658; x_wconf 79' lang='lat' dir='ltr'><strong>sacerdotis</strong></span> <span class='ocrx_word' id='word_1_334' title='bbox 1231 2624 1407 2659; x_wconf 68' lang='lat' dir='ltr'><strong>fluitantes</strong></span> <span class='ocrx_word' id='word_1_335' title='bbox 1439 2625 1581 2666; x_wconf 69' lang='lat' dir='ltr'><strong>conspi-</strong></span> 
     </span>
     <span class='ocr_line' id='line_1_38' title="bbox 201 2674 1045 2722; baseline 0.005 -14"><span class='ocrx_word' id='word_1_336' title='bbox 201 2674 362 2710; x_wconf 74' lang='lat' dir='ltr'><strong>Analect.</strong></span> <span class='ocrx_word' id='word_1_337' title='bbox 387 2677 431 2712; x_wconf 82' lang='lat' dir='ltr'><strong>de</strong></span> <span class='ocrx_word' id='word_1_338' title='bbox 458 2679 504 2712; x_wconf 79' lang='lat' dir='ltr'><strong>Re</strong></span> <span class='ocrx_word' id='word_1_339' title='bbox 524 2679 617 2712; x_wconf 64' lang='lat' dir='ltr'><strong>Yest.</strong></span> <span class='ocrx_word' id='word_1_340' title='bbox 644 2681 686 2721; x_wconf 77' lang='lat' dir='ltr'><strong>V,</strong></span> <span class='ocrx_word' id='word_1_341' title='bbox 714 2690 744 2711; x_wconf 79' lang='lat'><strong>2.</strong></span> <span class='ocrx_word' id='word_1_342' title='bbox 770 2680 861 2722; x_wconf 73' lang='lat' dir='ltr'><strong>iupr.</strong></span> <span class='ocrx_word' id='word_1_343' title='bbox 922 2681 1045 2713; x_wconf 73' lang='lat' dir='ltr'><strong>eunus.</strong></span> 
     </span>
    </p>
   </div>
  </div>
 </body>
</html>
