1686 3089
530 159 607 202 IN
653 158 901 201 IVVEN„
937 157 1073 198 SAT.
1107 159 1161 199 X.
1467 160 1546 203 551

153 281 222 314 ter
252 275 319 313 vel
342 273 480 327 potius
503 276 605 314 alius
633 276 874 328 quisquam,
909 288 932 312 a
961 288 1041 326 quo
1064 273 1221 313 Urbem
1242 275 1371 314 fuisse
1394 275 1544 313 dictam

149 342 260 382 sama
280 342 514 381 tradiderat.
574 342 637 382 Cs.
660 344 767 381 Plut.
781 343 825 381 in
847 342 1025 390 Romulo
1049 356 1111 394 pr.
1136 342 1260 393 Vulp.
1283 343 1333 381 ad
1353 344 1541 395 P1·0p.11,‚

153 423 188 459 1,
200 411 264 449 25.
289 411 362 459 ΙΨ,
397 424 428 458 1,
450 425 485 462 9.
510 417 550 448 et
570 411 732 462 Kocnig
745 410 795 449 ad
807 411 918 448 Pers.
935 409 966 457 Ι,
983 410 1045 457 73.
1132 410 1270 446 Turba
1290 412 1412 447 Remi
1439 425 1539 448 con-

145 477 306 521 temtim
330 476 504 529 dicitur,
535 478 634 515 faex
656 478 802 530 populi
828 492 953 530 eaque
988 478 1029 515 in
1067 477 1268 515 sactiones
1302 477 1452 526 divisa,
1495 486 1538 517 ut

147 546 271 583 turba
291 545 507 583 mobilium
532 545 763 594 Quiritium
783 560 844 597 ap.
870 546 1013 583 Horat.
1037 544 1115 583 Od.
1139 545 1171 593 Ι,
1203 558 1235 592 1,
1264 557 1298 594 7.
1358 544 1421 582 Cf.
1440 547 1538 583 Var.

143 611 263 659 Lect.
299 634 350 639 —
411 613 461 661 73
482 635 526 642 -
546 613 611 650 81.
641 613 858 651 Praeclare
890 612 1155 651 adumbratur
1175 612 1383 663 ingenium
1411 619 1451 649 et
1469 613 1538 650 in-

142 678 257 717 doles
277 679 410 731 plebis
440 681 505 718 vel
534 679 658 719 faecis
680 681 819 732 potius
845 681 1076 727 Romanae,
1105 680 1233 732 qualis
1255 680 1330 717 sub
1353 679 1539 730 Impera-

140 747 298 784 toribus
319 753 360 784 et
381 747 460 785 iam
486 748 582 786 inde
605 762 627 785 a
648 748 766 786 bellis
791 749 980 787 civilibus
1013 748 1119 792 suit,
1161 754 1203 785 ct,
1230 748 1411 800 primum
1443 748 1537 799 qui—

142 812 236 856 dem
272 827 311 852 v.
348 815 548 865 73—76.
580 816 706 854 animi
742 817 886 854 levitas
925 824 965 853 et
993 816 1281 864 inconstantia,
1319 815 1467 853 deinde
1497 829 1537 852 v.

141 893 192 932 77
206 903 260 912 --
277 883 340 922 81.
370 884 532 932 ignavia
554 890 594 920 et
619 884 779 922 servilis
804 884 961 921 animus
982 884 1112 936 plebis
1127 916 1139 933 ‚
1160 898 1272 936 ‚quae
1301 884 1536 921 libertatem

138 963 184 988 ac
204 950 295 988 iura
316 951 492 1001 pristina
518 951 596 988 sibi
626 952 761 989 omnia
787 951 892 1002 eripi
915 951 1118 1002 patienter
1145 951 1230 989 sert
1251 957 1293 989 et
1316 950 1414 988 duas
1440 956 1536 993 'can-¹

136 1023 226 1055 tum
261 1030 326 1055 res
363 1018 485 1055 anxie
519 1024 656 1070 optat,
695 1032 855 1069 panem
891 1026 927 1055 et
955 1018 1170 1056 Circenses
1193 1019 1325 1057 ludos.
1388 1018 1452 1056 Cf.
1483 1016 1536 1055 ad

135 1098 173 1123 v.
206 1086 270 1123 65.
352 1085 548 1137 Sequitur
571 1087 802 1123 Fortunam
825 1084 1061 1133 secundam,
1089 1085 1164 1136 (cs.
1192 1085 1324 1124 Bentl.
1351 1085 1402 1124 ad
1427 1086 1533 1123 Hor.

139 1152 218 1189 Od.
242 1152 274 1200 I,
295 1153 361 1201 35,
386 1148 471 1206 22.)
502 1152 621 1191 favor
642 1153 728 1190 eius
750 1151 893 1192 eodem
908 1180 921 1197 ,
953 1167 1032 1204 quo
1052 1154 1258 1203 Fortuna,
1299 1168 1341 1191 se
1360 1154 1534 1192 inclinat

137 1226 260 1271 atque
294 1233 386 1258 cum
428 1220 597 1257 fortuna
628 1225 814 1257 mutatur
840 1226 882 1257 et
904 1225 983 1259 stat
1008 1221 1073 1259 vel
1094 1221 1225 1269 cadit3
1271 1221 1381 1259 unde
1409 1222 1534 1258 turba

134 1287 351 1324 mobilium
379 1287 632 1337 Quiritium,
675 1293 717 1324 et
740 1295 932 1325 ventosae
951 1289 1093 1338 plebis
1117 1272 1328 1341 suffr-‘agia
1351 1304 1412 1340 ap.
1436 1289 1532 1325 Ho-

133 1360 208 1394 rat.
238 1352 317 1392 Od.
344 1354 376 1401 Ι,
407 1367 439 1402 1,
468 1366 502 1404 7.
530 1359 572 1392 et
597 1354 729 1406 Epist.
754 1355 786 1402 Ι,
817 1368 880 1406 19,
921 1356 985 1404 37.
1047 1355 1111 1393 Cs.
1143 1356 1246 1393 Hor.
1281 1356 1359 1394 Od.
1397 1356 1430 1404 1,
1461 1357 1530 1399 35,

132 1422 188 1474 25
214 1435 295 1473 seq.
358 1421 442 1459 Cic.
481 1421 531 1459 ad
566 1422 751 1461 Herenn.
781 1422 859 1471 IV,
904 1434 966 1472 17.
997 1429 1038 1461 et
1070 1421 1136 1462 48.
1177 1423 1407 1475 similiaque
1439 1423 1557 1461 loca.

134 1487 279 1526 Ovidii
299 1489 568 1540 aliorumque.

147 1541 151 1546 Δ
247 1556 300 1605 74
327 1569 409 1608 seq.
466 1557 623 1601 Eadem
654 1557 796 1609 plebs,
834 1556 869 1594 si
901 1557 1086 1595 Fortuna
1119 1557 1366 1609 adspirasset
1392 1558 1532 1597 Seiani

129 1616 308 1674 coe-ptis,
337 1632 375 1661 et
396 1638 543 1663 secura
567 1633 752 1662 senectus
778 1626 1005 1675 Principis
1019 1652 1033 1670 ,
1061 1623 1100 1662 h.
1123 1639 1156 1662 e.
1183 1626 1388 1674 Tiberius,
1414 1628 1531 1664 senio

129 1691 211 1728 iam
232 1691 444 1730 consectus
484 1689 539 1744 (v.
560 1692 610 1729 ad
632 1692 706 1740 IV,
726 1693 791 1743 39.
814 1697 856 1729 et
880 1688 965 1745 81.)
1000 1698 1041 1729 et
1062 1691 1167 1730 nihil
1204 1693 1286 1730 tale
1323 1694 1371 1731 ab
1396 1693 1528 1730 amico

131 1758 381 1809 imperiique
410 1765 601 1797 conso-rte
637 1765 844 1806 metuens,
896 1773 1118 1809 oppressus
1151 1761 1269 1811 joret
1311 1773 1334 1796 a
1379 1760 1530 1797 Seiano

130 1825 330 1875 regnandi
355 1826 525 1877 cupido,
555 1830 658 1872 (non
683 1821 833 1879 morte)
864 1825 944 1862 liae
967 1828 1063 1876 ipsa
1085 1826 1204 1870 hora,
1236 1840 1314 1878 qua
1334 1827 1531 1865 Tiberius

132 1892 292 1944 occ-isus
335 1901 462 1937 essct,
505 1892 706 1930 Seianum
735 1892 888 1930 diceret
928 1895 1170 1943 Augustum
1181 1920 1195 1937 ,
1248 1900 1422 1931 creasset
1458 1894 1527 1931 vel

99 1970 102 1972 ·
130 1960 344 1998 salutasset
367 1960 677 2011 Imperatorem.
736 1958 954 1998 Praeclare
990 1960 1047 1997 sic
1080 1961 1226 1998 levitas
1257 1961 1371 2012 vulgi
1403 1967 1528 2011 notass

129 2033 213 2066 tur.
241 2021 330 2075 (C'f.
350 2027 514 2065 Salmas.
535 2027 686 2065 Exere.
700 2027 805 2065 Plin.
821 2042 859 2079 p.
874 2029 986 2074 328.)
1043 2018 1221 2076 ΛΨιινείὰ,
1252 2028 1528 2067 Etruscorum

131 2101 174 2133 et
199 2094 515 2134 Volsiniensium
542 2093 628 2132 dea.
648 2108 688 2132 v.
709 2094 804 2134 Liv.
829 2095 926 2143 VII,
954 2095 991 2132 3.
1020 2100 1060 2132 et
1084 2095 1262 2134 Tertull.
1293 2095 1466 2148 Apolog.
1492 2110 1525 2134 c.

132 2164 201 2202 24.
237 2162 564 2208 (Asculanorum
597 2161 676 2199 dea
707 2163 928 2205 Ληοανία,
982 2162 1312 2200 Volsiniensium
1343 2165 1523 2206 ZVzcrsia,

132 2231 478 2268 Ocriculanorum
513 2230 744 2273 Valentia,
784 2229 1048 2267 Sutrinorum
1078 2231 1269 2277 Nortia.)
1329 2230 1393 2268 Cf.
1424 2231 1465 2268 V
1467 2245 1524 2269 ar.

129 2297 249 2335 Lect.
366 2298 520 2345 Τιιεοο,
559 2297 727 2345 Seiano,
757 2297 922 2336 alumno
952 2311 1050 2346 suo,
1085 2299 1224 2348 genito
1258 2298 1470 2336 Volsiniis·
1492 2312 1522 2337 s.

131 2364 360 2412 Vulsiniis,
406 2364 464 2412 (v.
509 2364 605 2402 Tac.
641 2363 746 2402 Ann.
784 2365 859 2413 IV,
889 2362 940 2416 1.)
973 2365 1084 2417 quod
1105 2364 1300 2404 Etruriae
1326 2366 1524 2417 oppidum

132 2437 196 2469 est
220 2436 263 2467 et
295 2429 419 2468 hodie
454 2431 634 2469 Bolsena
662 2432 828 2470 dicitur.
856 2453 912 2460 --
972 2444 1036 2483 77.
1064 2434 1127 2482 78.
1158 2433 1340 2484 Populus
1365 2434 1522 2472 Roma-

133 2512 233 2546 nus,
266 2497 348 2535 iam
386 2495 540 2535 dudum
579 2504 622 2535 et
659 2499 746 2535 otio
781 2504 824 2535 et
857 2501 952 2549 iugo
997 2500 1255 2552 imperioque
1302 2500 1522 2540 Caesarum

135 2566 324 2605 alsuetus
345 2578 389 2602 ac
410 2564 606 2616 pristinae
620 2565 820 2604 libertatis
834 2567 1060 2615 immemor,
1086 2566 1208 2604 huius
1222 2568 1525 2621 recuperandae

138 2651 265 2693 LVIlI,
297 2649 330 2684 5.
359 2651 447 2684 Stat.
482 2652 639 2693 Silv.1!‚
681 2665 713 2697 7,
741 2654 797 2689 60.
833 2653 938 2698 Prop.
963 2654 1023 2695 IV,
1049 2653 1082 2696 6,
1112 2652 1169 2688 80.
1197 2654 1282 2689 ἄστυ
1308 2654 1467 2701 εΡέμοιο
1485 2658 1521 2690 in

143 2708 295 2775 Diodori
316 2711 426 2754 epigr.
446 2708 718 2744 Anth01.1ib.1.
