1686 3089
161 165 239 222 158
559 167 1134 211 COMMENTARIVS

160 280 393 333 vidiamqne
436 285 598 333 tyranni
634 285 822 322 venisset.
859 298 900 325 v,
939 284 1035 320 Tac.
1072 283 1144 321 vit.
1181 282 1316 334 Agric.
1352 298 1384 322 e.
1420 286 1539 324 13—-

160 349 230 390 40.
317 349 366 386 de
388 359 542 388 temone
567 353 774 389 Brilcmno
799 353 977 394 excidet,
1008 364 1132 387 curru
1162 351 1397 389 excutietur
1416 341 1538 390 belli-

160 429 220 462 co,
250 414 289 452 h.
313 430 346 453 e.
370 417 559 455 vincetur
582 425 623 456 et
642 420 836 469 capietur.
922 418 1033 455 Nota
1067 423 1162 455 sunt
1193 419 1333 455 esseda
1359 421 1538 456 Brilan-

161 497 215 519 na
239 484 498 536 acBelga'ea,
537 484 724 523 vehicula
750 486 857 522 ]evia
889 491 930 521 et
963 484 1099 534 agilia,
1139 499 1241 535 quae
1274 484 1396 522 facile
1427 485 1541 532 flecti

158 555 370 601 poterant3
415 552 525 589 unde
556 559 596 589 et
624 553 811 599 Romani,
849 552 1104 589 delicatiores
1138 543 1431 603 potissimumss,
1462 566 1539 590 nec

160 622 295 655 tamen
325 618 367 655 in
397 619 517 667 bello,
556 626 602 656 ut
625 620 825 666 Britanni,
862 620 912 656 iis
940 620 1173 660 utebantur.
1229 618 1293 657 Cf.
1320 620 1466 670 Heyne
1492 618 1543 657 ad

161 685 274 735 Virg.
310 686 384 722 Ge.
424 687 499 734 III,
524 688 615 724 204.
646 684 826 723 Broukh.
862 691 903 722 et
930 686 1069 724 Burm.
1104 687 1153 724 ad
1185 687 1308 738 Prop.
1332 687 1384 734 Π,
1416 701 1448 733 1,
1477 687 1542 734 76.

161 752 226 789 85.
256 751 439 791 Scheffer
475 754 524 791 de
555 768 600 791 re
622 752 754 791 vehic.
787 767 825 804 p.
856 767 945 804 ¹19·
975 754 1068 794 283.
1100 755 1193 791 288.
1288 753 1543 805 Arviragns,

146 831 236 862 ,rex
257 820 516 869 Britanniae,
567 822 658 873 qui,
697 821 731 858 si
760 820 967 871 Polydoro
1004 821 1179 871 Virgilio
1214 820 1314 857 fides
1347 819 1544 864 habenda,

159 899 183 924 a
207 886 382 937 Josepho
410 888 674 928 Arimathaeo
713 887 764 925 ad
801 887 1069 925 Christianam
1102 886 1343 938 religionem
1387 887 1545 938 ample-

160 953 348 992 ctendam
370 955 568 993 adductus
601 962 682 1003 est,
717 956 785 993 vel
813 955 851 992 ei
886 960 997 992 certe
1032 955 1199 1006 eiusque
1226 955 1443 992 comitibus
1477 968 1544 991 se-

161 1018 254 1058 dem
284 1021 458 1071 aliquam
477 1023 519 1059 in
540 1037 668 1070 regno
693 1037 767 1060 suo
792 1021 1092 1072 (Glasconem)
1124 1022 1320 1059 adtribuit
1354 1028 1548 1068 etkevan-

161 1087 258 1136 getii
279 1087 542 1137 praedicandi
565 1093 809 1138 potestatem
833 1089 1043 1125 concessit.
1125 1088 1301 1136 Lucius,
1340 1101 1547 1140 pronepos

161 1153 258 1201 eius,
287 1155 541 1205 temporibus
575 1153 792 1191 Eleutheri
814 1155 931 1191 Pont.
967 1154 1086 1191 Rom.
1116 1155 1346 1206 baptizatus
1384 1155 1548 1193 dicitur.

154 1223 382 1271 peregrina
412 1230 469 1258 est
493 1222 643 1265 bellua,
683 1222 728 1258 in
759 1222 862 1260 mari
895 1221 1132 1259 Hadriatico
1166 1228 1304 1273 capta,
1347 1222 1483 1269 (cons.
1510 1235 1549 1260 V.

160 1287 248 1337 59.)
282 1301 376 1338 ergo
398 1303 534 1338 regem
564 1290 707 1338 capies
729 1289 1003 1339 peregrinum.
1108 1291 1241 1334 sudes,
1273 1289 1433 1339 pinnae,
1461 1289 1550 1339 spi-

161 1367 249 1401 nae,
276 1361 322 1392 ut
352 1357 500 1392 crisme
525 1369 610 1405 sup.
634 1369 670 1393 v.
701 1368 764 1404 70.
787 1357 858 1393 ubi
881 1370 918 1394 v.
947 1362 1030 1393 not.
1100 1356 1177 1394 His
1202 1357 1327 1407 spinis
1350 1369 1550 1407 praeacu-

159 1421 210 1457 tis
236 1427 276 1458 et
295 1421 471 1460 telorum
493 1424 622 1460 instar
641 1422 905 1462 horrentibus
930 1424 998 1460 vel
1021 1425 1169 1461 erectis
1195 1424 1297 1471 tela,
1326 1423 1448 1473 tergis
1471 1421 1550 1461 ho-

161 1488 284 1525 stium
328 1489 555 1539 infigenda,
605 1489 825 1539 significari
864 1498 1003 1528 monet
1051 1491 1248 1529 adulator.
1343 1491 1430 1528 128.
1460 1501 1550 1541 129.

161 1554 406 1607 ,Εἰρωνικῶς
440 1555 490 1593 de
514 1555 737 1604 adulatore,
768 1562 850 1594 tam
879 1558 978 1594 scite
1004 1559 1300 1608 interpretante
1330 1557 1486 1607 singula
1510 1562 1551 1594 et

163 1627 225 1659 tot
261 1623 470 1673 praeclara
513 1623 733 1666 ominante,
828 1624 1025 1661 lr'abmbio
1073 1624 1307 1663 Veientoni.
1390 1624 1453 1662 Cf.
1499 1622 1551 1662 ad

162 1703 200 1727 v.
233 1691 321 1729 113.

280 1758 367 1794 130.
421 1758 632 1806 Quidnam
674 1760 806 1809 igitur
850 1773 985 1796 censes
1009 1761 1029 1795 ,9
1088 1758 1356 1796 coneidimr?
1425 1758 1552 1796 Verba

162 1823 388 1861 Domitiani
431 1827 682 1876 quaerentis,
732 1840 829 1863 num
868 1827 1037 1876 integer,
1079 1839 1130 1863 an
1165 1827 1209 1863 in
1240 1832 1375 1877 partes
1410 1825 1552 1863 conci-

162 1905 228 1928 sus
256 1898 455 1943 coquatur
478 1894 632 1943 piscis?
726 1895 813 1932 131.
850 1896 969 1931 'festa
990 1895 1104 1937 alta,
1148 1907 1217 1931 vas
1243 1893 1371 1931 fictile
1391 1898 1431 1929 et
1449 1906 1551 1943 pro-

159 1959 350 2002 fundum,
381 1960 520 2010 patina
541 1974 680 2010 capax,
728 1961 855 2012 qualis
890 1961 970 1998 suit
1001 1961 1072 1998 illa
1106 1960 1278 2008 Vitellii,
1320 1960 1369 1996 de
1400 1974 1478 2011 qua
1512 1973 1552 1998 v.

163 2027 272 2064 Suet.
306 2026 446 2065 Vitell.
480 2041 512 2066 c.
551 2029 610 2066 13.
648 2034 687 2065 et
721 2028 824 2066 Ptin.
848 2029 1034 2075 XXXV,
1068 2041 1128 2067 12.
1161 2027 1225 2065 Cf.
1258 2028 1330 2065 ins.
1366 2027 1443 2074 XI,
1490 2040 1549 2077 19.

163 2107 293 2137 muro,
332 2094 536 2144 margine,
579 2095 647 2145 qui
678 2096 856 2145 patinam
889 2095 1034 2142 ambit,
1088 2101 1133 2132 ut
1166 2109 1306 2132 murus
1343 2094 1551 2145 oppidum.

148 2162 307 2198 ‘tenuzss-
339 2174 388 2197 eo
418 2161 526 2197 enini
548 2162 844 2211 praestantior,
895 2175 973 2213 quo
1001 2163 1186 2210 tenuior,
1239 2162 1389 2211 Grang.
1443 2161 1552 2199 Laus

165 2234 225 2265 cst
249 2227 479 2277 figulorum,
508 2234 555 2265 ut
585 2234 746 2266 tenuem
771 2235 921 2266 cretam
940 2229 982 2266 in
1005 2228 1268 2267 conficiendis
1294 2228 1441 2278 patinis
1474 2228 1552 2264 du—

162 2301 267 2342 cant,
296 2295 400 2333 Plin.
431 2295 457 2332 1.
479 2295 505 2333 l.
584 2296 778 2346 colligat,
813 2296 989 2333 circuitu
1014 2294 1351 2346 comprehendat,
1391 2296 1554 2344 ambiat,

164 2362 358 2409 includat,
389 2363 536 2406 orbem„
578 2364 754 2414 patinam
785 2363 851 2399 vel
877 2362 1115 2400 interiorem
1143 2363 1229 2400 eius
1255 2368 1425 2413 partein.
1487 2362 1550 2402 Cs.

165 2430 214 2466 ad
240 2430 273 2478 I,
303 2432 392 2478 137.
422 2452 475 2458 -
513 2432 598 2468 133.
632 2430 694 2467 Cf.
722 2430 843 2468 Mart.
871 2430 990 2477 XIII,
1016 2431 1079 2468 81.
1165 2430 1370 2477 Debetur,
1409 2430 1552 2481 requi—

162 2498 280 2544 ritur,
311 2512 412 2548 opus
451 2504 522 2535 est.
610 2497 890 2543 Prometheus,
919 2497 1074 2548 peritus
1095 2496 1261 2547 figulus,
1300 2496 1384 2543 (es.
1406 2497 1457 2533 ad
1480 2496 1553 2544 VI,

170 2578 246 2601 110
276 2567 292 2610 )
321 2566 449 2616 qualis
471 2565 552 2603 snit
572 2564 853 2602 Prometheus.
933 2564 971 2601 Is
1006 2569 1142 2601 tamen
1174 2565 1342 2615 proprie
1372 2577 1453 2602 noll
1485 2563 1555 2601 hi·-

162 2632 309 2668 storica
335 2631 416 2668 suit
439 2646 624 2682 persona,
655 2631 722 2669 sed
750 2632 863 2669 notio
889 2630 1193 2683 philosophica,
1240 2645 1315 2683 qua
1336 2630 1554 2669 adumbra-

160 2705 202 2736 ta.
234 2705 294 2736 est
329 2695 572 2751 προμήθεια
607 2714 636 2737 S.
672 2699 893 2752 prudentia
925 2699 1171 2751 solertiaque
1201 2698 1349 2748 animi,
1399 2712 1476 2751 qua
1513 2702 1555 2737 et
