1686 3089
479 213 556 257 IN
603 213 834 254 IVVEN.
886 212 1023 257 SAT.
1067 213 1135 254 ΙΙΙ.
1429 217 1507 259 115

126 343 227 383 quae
250 328 363 368 hasta
384 330 516 381 posita
544 343 622 381 per
648 325 892 381 praeconem
920 327 1063 376 fiebat,
1103 329 1161 366 ita
1189 335 1236 366 ut
1258 342 1322 366 res
1353 330 1390 367 ei
1411 331 1510 368 sub-

122 397 252 436 iectae
294 398 518 449 plurimum
562 398 813 435 licitantibus
853 411 876 434 a
928 397 1161 446 magistram
1206 396 1507 434 addicerentur.

119 463 234 503 Haec
255 464 432 502 addictio
458 478 582 516 quum
607 477 690 502 non
712 465 791 501 nisi
818 465 1008 515 imperii,
1048 477 1127 516 quo
1159 464 1418 513 magistratus
1439 464 1510 501 ille

120 538 287 570 ornatus
311 539 417 581 erat,
457 534 500 570 vi
531 533 670 581 fieret,
711 532 902 570 Tibullus
925 531 979 579 II,
1007 532 1043 578 4,
1065 533 1131 571 54.
1162 530 1293 568 dixit:
1342 534 1395 569 ite.
1433 533 1507 569 sub

122 601 341 650 imperium
375 601 448 638 sul>
481 601 750 651 titulumque,
794 601 946 643 Lares,
986 598 1092 635 bona
1122 605 1312 649 paterna,
1349 599 1508 637 auctio-

118 667 184 704 nis
208 666 296 717 lege
324 666 548 704 vendenda.
584 664 733 704 ⁴Hasta
761 671 894 704 autem
929 679 1054 717 quum
1077 665 1122 703 in
1147 667 1402 705 auctionibus
1431 680 1511 718 po-

116 739 290 772 neretur
314 735 432 786 eique
469 732 752 773 venumdanda
782 733 1109 777 subiicerentur,
1147 741 1368 785 propterea
1398 734 1509 786 quod

116 801 227 852 ipsa,
264 803 422 853 quoties
441 801 598 839 Romae
621 814 714 853 pars
740 801 872 853 aliqua
899 800 1063 852 imperii
1100 806 1169 838 aut
1199 801 1509 850 iurisdictionis,

119 867 221 906 adeo
256 874 299 906 et
324 870 534 920 potestatis
556 882 734 907 summae
750 897 761 917 ,
800 874 1091 915 exerceretur,
1116 868 1220 918 signi
1246 867 1509 906 adhiberetur

117 935 232 984 loco,
271 951 293 973 a
325 937 518 976 Iuvenale
554 937 724 973 domina
766 935 1004 987 appellatur.
1065 935 1129 974 Cf.
1168 935 1302 987 Sigon.
1347 935 1398 974 de
1429 943 1510 974 ant.

117 1003 196 1041 iur.
220 1018 314 1056 pop.
338 1004 457 1042 Rom.
481 1004 529 1041 T.
563 1003 595 1041 I.
620 1003 646 1040 l.
685 1015 717 1040 1.
751 1016 782 1039 c.
816 1015 876 1041 11.
909 1016 949 1054 p.
985 1003 1074 1054 149.
1104 1003 1197 1051 (Ius
1217 1003 1418 1042 auctionis
1440 1017 1511 1041 ea-

116 1085 211 1110 rum
241 1085 381 1110 rerum
419 1071 525 1116 suit,
568 1084 670 1123 quae
704 1070 867 1121 publice
910 1083 987 1121 per
1017 1083 1259 1121 praeconem
1292 1073 1366 1109 sub
1395 1072 1511 1109 hasta

117 1145 332 1191 praesente
356 1143 399 1176 et
420 1138 633 1176 addicente
659 1139 895 1187 magistratu
930 1136 1232 1187 venderentur:
1273 1139 1318 1177 in
1348 1141 1511 1177 auctio-

117 1206 239 1245 nibus
263 1206 371 1244 enim
392 1206 450 1254 ei,
489 1206 559 1257 qui
579 1205 803 1257 plurimum
823 1210 963 1256 auget,
987 1209 1061 1242 'res
1082 1205 1306 1255 addicitur;
1335 1214 1376 1245 et
1402 1221 1509 1259 quo-

120 1273 231 1312 niam
263 1287 316 1311 ex
348 1273 536 1310 auctione
569 1272 639 1309 illa
669 1273 898 1310 dominium
925 1271 1004 1309 sibi
1043 1272 1196 1310 iustum
1223 1274 1266 1311 in
1298 1287 1387 1312 eam
1421 1288 1511 1314 rem

117 1347 379 1391 comparant,
428 1339 524 1377 hinc
559 1340 679 1377 etiam
710 1342 937 1377 auctoritas
961 1340 1025 1376 ius
1063 1341 1252 1378 auctione
1284 1344 1511 1392 quaesitum

123 1406 276 1445 dicitur
295 1414 335 1444 et
362 1416 506 1444 ‹zm-tor
533 1408 567 1444 is
593 1407 841 1458 appellatur,
879 1421 902 1443 a
932 1422 1012 1458 quo
1048 1410 1137 1458 quis
1174 1411 1459 1447 auctoritatem
1482 1410 1509 1447 i.

120 1488 156 1512 e.
180 1475 243 1511 ius
269 1474 440 1512 dominii
467 1475 511 1512 in
546 1474 774 1526 quzunpiam
801 1487 889 1511 rem
921 1476 1112 1526 accepit.)
1142 1482 1182 1513 et
1208 1477 1256 1513 T.
1280 1475 1330 1513 Π.
1359 1477 1385 1513 l.
1417 1491 1449 1515 1.
1476 1491 1511 1515 c.

122 1553 160 1592 7.
183 1556 224 1595 p.
249 1542 370 1594 419.“

235 1676 438 1714 54-36,
474 1675 673 1714 Homines
709 1676 795 1725 illi,
844 1677 915 1729 qui
941 1677 1151 1730 quondam
1178 1679 1343 1718 fueraut
1371 1684 1512 1719 corni-

123 1745 234 1781 eines
261 1744 305 1781 in
325 1742 432 1782 ludis
458 1745 630 1782 scenicis
653 1744 721 1782 vel
743 1743 931 1793 theatris,
972 1746 1078 1792 (uon
1101 1747 1143 1783 in
1166 1749 1404 1786 muneribus
1426 1749 1511 1799 gla-

121 1811 306 1850 diatoriis
328 1812 396 1850 vel
417 1810 746 1864 amphitheatris)
776 1818 816 1849 et
832 1815 1025 1863 perpetui
1048 1815 1213 1851 comites
1237 1817 1514 1866 municipalis
1533 1820 1535 1823 ’

122 1893 287 1927 arenae,
316 1892 480 1930 operam
502 1879 680 1916 locantes
705 1879 994 1929 gladiatoribus
1018 1885 1060 1916 et
1081 1892 1134 1917 ne
1151 1880 1305 1920 Romae
1332 1884 1512 1934 quidem,

121 1945 260 1984 sedin
282 1946 536 1997 municipiis,
578 1955 776 1997 notaeque
798 1960 877 1996 per
906 1946 1065 1996 oppida
1100 1947 1276 1993 buccae,
1315 1949 1513 2001 phonasci

121 2011 472 2061 citharoedorum,
513 2013 573 2062 (v.
595 2014 739 2050 Marm.
762 2012 958 2052 Arundel.
991 2027 1030 2051 n.
1062 2012 1161 2063 III.)
1189 2016 1257 2053 vel
1282 2017 1514 2070 municipa-

119 2079 180 2119 les
201 2080 384 2132 vilesque
421 2080 640 2129 causidici,
679 2086 743 2126 (ut
776 2080 853 2128 XI,
893 2081 982 2128 34.)
1011 2082 1079 2118 vel
1108 2082 1244 2132 potius
1275 2098 1511 2136 praecone-5,

123 2148 196 2200 qui
217 2148 364 2186 buccas
389 2147 531 2186 inflare
554 2149 710 2194 solent,
736 2171 790 2179 —
836 2147 880 2185 hi
903 2150 1036 2199 itaque
1070 2148 1226 2187 sordidi
1257 2150 1444 2189 homines
1473 2157 1516 2191 et

123 2215 333 2267 peregrini
353 2215 467 2252 malis
489 2216 644 2253 artibus
668 2214 947 2254 nuncRomae
968 2221 1098 2254 tantas
1124 2218 1378 2268 collegerunt
1402 2233 1515 2271 opes,

123 2289 173 2320 ut
204 2283 325 2320 etiam
360 2295 530 2321 munera
564 2282 697 2321 edant.
770 2282 888 2321 Cous.
922 2282 1083 2322 Ferrar.
1116 2285 1249 2322 Elcct.
1283 2285 1337 2333 II,
1371 2287 1436 2325 26.
1476 2293 1517 2325 et

124 2348 386 2397 Hennin..ad
414 2348 454 2388 h.
489 2351 516 2387 l.
647 2351 711 2388 36.
742 2352 925 2388 Mzmera
961 2352 1114 2402 magnis
1134 2353 1335 2390 sumtibus
1370 2352 1469 2392 olim
1494 2367 1517 2393 a

127 2409 456 2466 magistratibus,
494 2423 636 2469 postea
665 2432 688 2455 a
720 2418 980 2469 Principibus
1017 2425 1058 2456 et
1086 2419 1260 2471 denique
1295 2420 1344 2457 ab
1382 2421 1517 2458 omni-

128 2484 228 2531 bus,
266 2484 387 2521 etiam
409 2484 581 2535 privatis
606 2491 648 2523 et
675 2485 906 2533 vilissimis,
953 2486 1024 2538 qui
1056 2492 1144 2524 tum
1164 2487 1386 2525 utebantur
1414 2489 1518 2526 insi-

130 2552 276 2601 gnibus
309 2551 638 2601 magistratuum,
679 2550 743 2605 (ut
767 2567 790 2590 a
813 2540 1024 2590 sutore-et
1055 2552 1214 2590 fullone
1249 2568 1311 2605 ap.
1339 2555 1518 2594 Martial.

130 2618 207 2666 III,
234 2618 294 2656 16.
322 2624 363 2656 et
387 2617 476 2670 59.)
496 2611 750 2669 edebantur,
788 2626 835 2658 ut
857 2621 914 2657 ita
941 2620 1112 2670 gratiam
1143 2620 1287 2672 populi
1310 2621 1523 2671 captarent

137 2690 178 2722 et
207 2685 314 2724 viam
346 2686 424 2724 sibi
461 2686 671 2724 munirent
701 2687 752 2725 ad
781 2687 970 2725 honores.
1036 2685 1197 2730 Insania
1231 2688 1353 2727 variis
1373 2689 1521 2731 sensim

868 2752 964 2791 112
