1686 3089
187 148 269 191 630
586 141 1206 190 COMMENTARIVS

307 263 554 314 162———173.
592 265 686 304 Non
712 266 835 315 magis
858 265 1005 303 mirum
1031 273 1112 315 est,
1145 266 1301 306 Romae
1334 258 1396 307 tot
1424 258 1568 310 videi-d

191 330 409 370 seem-atos
446 332 653 379 homines,
708 346 827 384 quam
862 333 904 369 in
935 333 1108 384 Alpibus
1141 341 1201 372 tot
1232 341 1451 375 strumosos
1485 345 1560 377 cet.

193 397 295 445 Quis
321 412 420 436 vero
442 401 677 447 mirabitur,
727 414 828 450 quae
864 406 960 437 sunt
990 401 1170 450 vulgaria
1197 408 1238 438 et
1258 410 1424 441 naturae
1455 406 1568 458 quasi

192 466 372 503 cuiusvis
393 467 475 504 loci
494 467 756 518 congruunt?
789 466 906 505 Conf.
932 467 983 505 ad
1007 469 1078 515 III,
1106 469 1248 513 167-
1265 469 1352 519 196.
1369 491 1418 500 —-
1476 473 1569 510 Ex—

191 533 339 582 quisita
358 535 561 574 variarum
598 548 736 573 rerum
761 534 1027 572 similitudine
1054 536 1298 585 ostenditur,
1346 545 1492 588 quanta
1516 539 1571 577 sit

189 598 347 638 Romae
372 616 530 641 morum
561 602 802 652 corruptela.
894 602 984 642 162.
1014 603 1255 655 Aequicolis
1290 606 1335 641 in
1364 606 1494 643 Italia
1530 614 1570 644 et

190 666 373 716 Alpibus
403 673 448 707 in
477 672 645 706 natione
675 669 959 707 ..Medullorum
987 679 1045 708 est
1072 685 1205 721 genus
1235 686 1390 723 aquae,
1447 678 1575 724 quam

191 736 266 784 qui
294 735 462 779 bibunt,
494 738 734 786 euffi'cizmtur
763 739 946 789 turgidis
969 739 1235 789 guttnrz'bm,
1267 739 1430 776 Vitruv.
1455 740 1571 788 VIII,

188 801 228 838 3.
254 809 356 839 extr.
405 803 468 841 Cf.
492 804 595 841 Plin.
617 804 692 851 XI,
720 805 782 852 37.
811 819 839 842 S.
869 805 933 842 68.
963 806 1101 856 ibique
1125 805 1322 843 Hard.-—
1378 806 1581 844 163.Hoc·

187 880 273 905 non
323 869 418 906 alibi
459 871 594 921 legere
632 872 813 910 memini.
874 873 1014 923 Pomp.
1055 873 1205 912 Melam
1235 874 1392 911 consuli
1428 874 1579 911 iubent*

188 934 318 986 intpp.
353 937 425 974 sed
456 939 606 976 venem
647 939 733 977 eius
761 939 897 978 locum
925 939 1178 988 laudassent,
1233 955 1353 993 quem
1389 941 1570 980 nondum

187 1004 337 1054 reperi.
376 1004 443 1042 De
464 1007 605 1044 stfferoe
627 1020 666 1044 V.
692 1007 743 1044 ad
761 1006 835 1054 VI,
863 1008 954 1044 528.
978 1028 981 1031 ·
1001 1010 1231 1046 mamillam
1253 1009 1513 1046 seminarum.

310 1072 398 1109 154.
436 1073 524 1111 165.
567 1075 744 1112 Caerula
777 1074 975 1111 Germani
1011 1076 1192 1122 lumi-na,
1235 1075 1440 1112 caeruleos
1472 1087 1582 1112 ocu-f

186 1137 249 1175 los
282 1139 605 1189 Germanorum,
646 1141 784 1193 quales
819 1146 860 1179 et
890 1140 953 1179 his
985 1148 1026 1180 et
1059 1142 1265 1179 Britannis
1305 1142 1575 1193 omnibusque

187 1218 318 1256 paene
350 1209 512 1258 populis
543 1214 750 1259 septemtr.
784 1223 813 1246 s.
839 1207 1004 1260 Scythis
1031 1211 1289 1258 tribuuntur3
1341 1209 1448 1260 quod
1473 1209 1574 1246 Ari-

184 1274 352 1311 stoteles
376 1276 513 1313 Probl.
539 1276 658 1325 XIV,
678 1277 738 1315 14.
767 1283 935 1315 naturae
958 1277 1106 1315 vitium
1127 1291 1213 1314 esse
1237 1277 1403 1327 putabat.
1425 1282 1467 1314 et
1490 1277 1572 1314 sri-

187 1341 297 1390 goris
325 1342 533 1391 effectum,
591 1344 660 1382 alii
690 1357 791 1382 vero
818 1344 897 1382 arti
925 1344 1183 1395 potissimum
1210 1344 1399 1381 tribuunt
1423 1350 1464 1381 et
1487 1345 1585 1394 gla-·

187 1415 275 1455 sto,
315 1423 396 1460 quo
430 1424 471 1448 se
507 1411 710 1449 colorasse
744 1411 961 1449 Britannos
997 1411 1168 1448 tradunt
1203 1409 1415 1456 CaesarvB.
1446 1411 1496 1448 G.
1523 1411 1574 1449 V.

185 1475 292 1513 Plin.
318 1477 460 1524 XXII,
488 1490 549 1515 11.
573 1485 613 1515 et
637 1479 764 1515 Solin.
789 1491 822 1515 c.
846 1479 911 1516 35.
940 1477 1048 1516 unde
1075 1479 1197 1515 etiam
1219 1477 1345 1515 Brith.
1367 1483 1408 1514 et
1435 1480 1575 1527 pictos

186 1543 311 1581 ZMart.
332 1544 449 1592 XIV,
475 1558 539 1596 99.
571 1557 638 1582 eos
665 1543 746 1581 dici
770 1549 927 1593 putant.
965 1544 1083 1582 Conf.
1110 1545 1235 1595 intpp.
1261 1545 1355 1581 Tae.
1379 1545 1517 1582 Germ.
1532 1545 1571 1584 4.

189 1616 232 1647 et
254 1609 380 1649 Mart.
404 1612 482 1659 XI,
507 1612 572 1658 54,
600 1623 633 1649 1.
662 1609 889 1647 Mitscherl.
917 1610 968 1647 ad
993 1611 1135 1648 Horat.
1162 1611 1296 1660 Epod.
1318 1611 1438 1655 XVI,
1469 1624 1504 1661 7.
1532 1617 1575 1650 et

189 1676 384 1728 Com-ing.
408 1678 458 1715 de
480 1677 643 1715 habitus
664 1690 882 1727 corporum
904 1677 1133 1715 Germanic.
1164 1678 1295 1715 causis
1318 1678 1423 1714 Frst.
1455 1689 1576 1728 1727.

187 1758 228 1798 p.
251 1747 298 1784 81
324 1760 405 1798 seq.
448 1747 609 1795 stupuit
640 1745 821 1791 lumina,
857 1757 895 1781 v.
931 1743 980 1780 ad
1002 1744 1078 1787 IV,
1118 1756 1204 1795 119.
1227 1764 1282 1771 --
1338 1744 1575 1783 Caesar-iem

181 1814 370 1865 flavam,
401 1807 585 1861 ξανθήν,
620 1810 893 1861 (hochbloncl,
928 1811 1143 1862 goldgelb)
1175 1811 1390 1848 Germanis
1423 1812 1576 1849 Gallis-

190 1895 269 1933 que
288 1881 478 1918 tribuunt
491 1878 663 1917 Diodor.
678 1878 733 1921 V,
749 1878 814 1915 28.
844 1877 1064 1915 Herodian.
1082 1878 1154 1925 IV,
1180 1890 1241 1915 12.
1272 1883 1314 1915 et
1339 1878 1421 1922 alii,
1444 1878 1578 1928 (unde

190 1951 429 1987 auricomus
451 1948 647 1984 Batavus
668 1945 738 1982 Sil.
760 1945 834 1993 III,
858 1946 950 1984 608.
971 1952 1012 1982 et
1039 1944 1213 1982 Vandali
1231 1946 1482 1998 χρυσοειδεῖς
1507 1945 1576 1983 di-

190 2022 341 2054 cuntur
364 2009 586 2065 Procopio)
618 2012 689 2050 sed
708 2012 896 2060 rutilam,
927 2013 1082 2060 rusam,
1113 2006 1297 2066 πυρῥῆν,
1328 2013 1578 2065 (senet-sar-

193 2084 289 2129 ben)
332 2082 428 2119 Tac.
461 2083 506 2118 in
536 2080 643 2125 Hist.
671 2080 744 2127 IV,
768 2080 831 2117 61.
860 2080 901 2117 in
928 2080 1066 2117 Germ.
1090 2082 1127 2117 4.
1160 2080 1202 2116 iu
1238 2080 1334 2130 Agr.
1362 2093 1420 2118 11.
1446 2080 1577 2119 Gale-

188 2163 266 2189 nus
287 2150 333 2187 in
353 2162 496 2187 comm.
532 2147 583 2186 ad
618 2147 821 2197 Polybum
853 2146 902 2184 de
931 2147 1048 2184 victu
1086 2161 1119 2184 c.
1143 2147 1177 2184 6.
1215 2145 1264 2183 ad
1290 2147 1490 2197 Hippocr.
1526 2147 1580 2186 de

189 2216 323 2254 diaeta
360 2231 398 2267 p.
436 2216 500 2253 31.
543 2214 603 2252 ed.
640 2215 728 2251 Bas.
770 2215 886 2252 1538.
936 2214 1028 2251 Seu.
1080 2213 1130 2250 de
1171 2214 1232 2251 ira
1262 2213 1336 2261 III,
1374 2214 1439 2252 26.
1479 2214 1576 2253 Liv.

189 2283 443 2331 XXXVIII,
462 2295 521 2331 17.
550 2282 673 2319 Mart.
689 2281 807 2328 XIV,
828 2280 914 2329 176.
944 2288 982 2317 ct
997 2287 1210 2331 utramque
1223 2280 1292 2317 Sil.
1308 2281 1380 2328 IV,
1395 2293 1477 2319 200
1492 2295 1576 2333 seq.

189 2350 379 2388 Ruissum
403 2350 453 2387 iis
479 2350 636 2387 crinem
658 2362 740 2385 non
764 2353 910 2397 natura
933 2354 1112 2395 tantum,
1137 2347 1206 2384 sed
1231 2361 1294 2384 ars
1316 2361 1477 2400 quoque
1502 2348 1576 2385 da-

191 2417 281 2455 bat:
327 2431 420 2455 nam
443 2416 608 2467 capillos
633 2415 777 2453 crebro
801 2415 989 2453 lavabant
1012 2415 1312 2466 rutilabantque
1335 2414 1482 2451 lixivio
1504 2428 1579 2453 seu

193 2497 338 2535 sapore
370 2484 550 2532 Gallico,
603 2483 673 2536 qui
704 2496 758 2520 ex
778 2495 874 2519 sevo
911 2496 940 2518 s.
977 2483 1072 2519 sebo
1099 2488 1140 2519 et
1164 2482 1300 2519 cinere
1324 2481 1454 2519 factus
1478 2488 1578 2530 erat,

192 2555 240 2588 ut
275 2556 318 2587 et
351 2549 566 2602 pulchram
606 2551 664 2588 ita
693 2556 735 2588 et
773 2549 997 2587 terrificam
1033 2549 1112 2587 sibi
1148 2548 1368 2586 induerant
1405 2549 1577 2598 saciem;

192 2616 302 2656 unde
338 2615 376 2653 h.
412 2617 437 2654 l.
484 2618 651 2656 madido
691 2619 809 2655 cit-ro.
845 2629 883 2654 v.
915 2617 1091 2654 Martial.
1127 2617 1244 2664 Vffl,
1268 2617 1334 2664 33,
1359 2629 1423 2655 20.
1459 2615 1577 2663 XIV,

190 2683 257 2726 26.
280 2689 323 2723 et
341 2694 407 2735 27.
448 2686 616 2736 (spuma
647 2686 817 2724 Bataua
843 2690 885 2723 et
915 2686 1124 2733 caustica)
1154 2684 1259 2724 Plin.
1283 2683 1489 2732 XXVIII,
1517 2691 1581 2722 12.
