1686 3089
487 160 565 202 IN
608 157 845 200 IVVEN.
895 157 1037 200 SAT.
1086 161 1162 202 VI.
1444 157 1526 213 577

141 269 186 314 e't
218 273 391 326 quidem‘
415 288 572 325 magno.
643 276 847 327 Pauperes
886 275 994 312 enim
1024 275 1216 312 mulieres
1253 288 1329 312 nec
1369 274 1530 313 condu-'

132 341 249 379 'cunt
269 342 474 391 hariolos,
502 357 580 381 nec
601 357 785 394 magnam
810 342 860 380 iis
883 342 1113 380 mercedem
1148 343 1324 380 solvunt.
1435 343 1528 381 586.

145 418 348 447 astrorum
376 411 598 463 nmnclzssque
622 413 810 462 peritus,
851 410 1092 460 Astrologus
1125 415 1167 446 et
1201 408 1534 447 Mathematicus.'

143 477 334 514 Blandus
372 479 492 516 etiam
522 480 669 529 passim
701 492 775 529 pro
797 477 910 515 coelo
936 477 1116 528 ponitur.
1146 473 1198 497 ¹⁸⁵
1226 500 1281 506 —
1340 478 1432 519 587.
1465 476 1531 515 Cs-

141 542 299 582 Lucan.
339 544 370 593 I,
413 547 494 583 534
529 560 609 597 seq.
651 546 728 583 (306
763 560 847 598 seq.
980 546 1137 596 aliquis
1170 546 1307 581 senior
1327 543 1530 582 Etruscus

144 607 375 662 haruspex,
413 614 613 664 Etgemza
651 613 807 662 dictus,
847 613 917 666 qui
948 618 988 649 et
1011 611 1232 649 fulminum
1255 610 1442 649 conditor
1462 611 1532 648 vel

144 686 391 729 procurator
425 687 510 718 erat
544 686 584 717 et
619 681 817 732 expiator,
855 681 1005 732 quique
1025 679 1210 717 mactatis
1233 679 1377 716 ovibus
1402 684 1443 714 et
1466 679 1535 728 in-

144 747 302 783 testinis
335 760 473 785 earum
509 748 724 799 inspectis,
767 748 865 799 quid
902 747 1017 785 sactu
1049 760 1149 797 opus
1180 752 1309 794 esset,
1350 745 1536 783 docebat.

149 813 292 850 condit
319 819 442 861 tcrrs,
466 815 652 867 sepulcro
668 816 863 867 fulgura,
894 827 1035 852 eorum
1058 814 1250 866 reliquias
1275 819 1343 851 aut
1367 813 1540 863 vestigia.

146 884 189 915 et
210 879 382 918 fulmine
402 883 500 921 icta:
532 896 622 921 nam
646 883 819 920 fulmine
841 882 933 929 icti,
963 895 1044 932 quo
1065 883 1155 919 loco
1191 881 1384 919 exstincti
1405 886 1536 928 erant,

145 957 231 985 non
274 951 444 1003 cremari
477 951 683 997 solebant,
726 950 793 987 vel
824 949 920 987 inde
951 949 1194 996 transferri,
1224 948 1294 985 sed
1316 948 1383 985 vel
1407 947 1539 985 relin-

148 1016 234 1066 qui,
265 1018 332 1054 vel
356 1019 532 1069 sepeliri,
561 1018 674 1055 locus
701 1023 835 1056 autem
859 1017 985 1068 sepiri
1012 1023 1052 1054 et
1076 1030 1190 1054 caesa
1212 1015 1378 1053 bidente
1406 1013 1540 1060 (unde

152 1082 342 1122 bidental
377 1085 623 1135 dicebatur)
669 1085 830 1136 arisque
873 1082 1094 1121 exstructis
1128 1083 1287 1135 expiari
1327 1089 1366 1121 et
1395 1095 1543 1120 conse-

151 1151 272 1188 erari.
299 1149 354 1172 ¹8⁶
426 1153 602 1191 Omnem
644 1152 1001 1204 superstitionem,
1043 1164 1146 1202 quae
1170 1150 1220 1188 ad.
1247 1137 1420 1192 fulmina
1443 1163 1542 1201 spe-

155 1224 265 1261 ctat,
317 1220 584 1273 vulgaresque
619 1221 669 1259 (le
715 1221 764 1258 iis
801 1220 1014 1270 opiniones
1056 1219 1220 1269 copiose
1258 1218 1449 1269 exposuit
1493 1228 1541 1253 ac

151 1287 400 1337 perstrinxit
425 1289 579 1326 Seneca
603 1288 647 1326 in
680 1295 766 1326 toto
795 1287 903 1326 libro
940 1286 992 1323 ΙΙ.
1019 1285 1111 1323 Nat.
1150 1285 1314 1334 Quaest.
1349 1284 1541 1322 Fulmina

156 1360 274 1391 erant
306 1362 377 1393 aut
408 1357 612 1407 publiea,
660 1362 729 1393 aut
767 1355 937 1406 privata.
975 1367 1014 1390 v.
1056 1352 1161 1390 Plin.
1202 1353 1255 1400 II,
1284 1353 1347 1390 52.
1378 1358 1418 1389 et
1446 1351 1542 1388 Sen.

157 1419 253 1459 Nat.
277 1423 442 1471 Quaest.
465 1424 517 1472 II,
548 1425 613 1461 48.
646 1423 715 1475 qui
746 1429 787 1460 et
811 1422 930 1473 plura
963 1433 1106 1457 eorum
1136 1433 1284 1469 genera
1316 1425 1543 1457 recensent.

155 1510 212 1516 -—
255 1491 347 1528 588.
382 1491 624 1534 Plebeizcm,
674 1489 927 1541 plebeiarum
968 1501 1276 1539 pauperumque
1310 1486 1544 1533 mulierum,

146 1558 295 1609 fictum
322 1560 508 1608 positum
533 1566 595 1595 est
624 1560 670 1595 in
701 1558 820 1594 Circo
832 1583 845 1600 ,
873 1554 933 1592 ibi
955 1555 1036 1592 illis
1066 1553 1333 1605 praedicitur.
1367 1566 1406 1591 v.
1432 1552 1483 1589 ad
1506 1566 1544 1590 v.

159 1625 252 1663 582.
312 1627 357 1663 in
378 1640 545 1678 aggere,
575 1640 614 1664 v.
630 1625 678 1662 ad
691 1625 808 1668 VIII,
841 1625 906 1662 43.
939 1645 991 1652 —
1024 1623 1108 1673 589
1139 1635 1222 1673 seq.
1252 1622 1413 1659 Ferrar.
1426 1619 1475 1657 R.
1492 1620 1545 1657 V.

159 1693 269 1742 „Hic
290 1693 490 1745 plebeiam
517 1699 558 1731 et
585 1694 694 1730 vitae
728 1691 936 1730 liberioris
971 1691 1186 1728 mulierem
1218 1688 1378 1726 inducit
1411 1693 1549 1738 poeta,

158 1761 285 1798 nudis
312 1762 391 1809 (ita
415 1763 540 1812 vulgo
558 1760 727 1811 legitur)
758 1759 987 1797 cervicibus
1007 1759 1179 1808 longum
1209 1770 1359 1794 aarum
1401 1762 1549 1792 s.-²1no-

160 1829 244 1867 nile
280 1835 515 1879 gestantem.
584 1828 691 1866 Nam
729 1839 854 1878 quum
890 1830 1100 1862 matronae
1133 1825 1190 1861 ita
1219 1822 1321 1861 stola
1352 1822 1471 1859 talari
1506 1826 1551 1858 et

161 1897 391 1935 manuleata
404 1901 570 1947 opertae
585 1900 732 1941 essent,
760 1900 806 1932 ut
827 1891 932 1930 nihil
952 1897 1117 1943 praeter
1137 1890 1285 1928 faeiem
1311 1894 1551 1940 appareret3

164 1971 306 2003 contra
325 1964 543 2002 libertinae
573 1968 614 2000 et
634 1975 736 2014 quae
770 1960 978 1998 licentiam
1009 1958 1139 2009 stupri
1173 1957 1439 2007 vulgaverant
1469 1969 1555 1993 non

166 2033 328 2070 cervice
361 2030 484 2069 modo
495 2060 506 2079 ,
545 2029 613 2066 sed
652 2028 836 2066 humeris
878 2034 1000 2079 atque
1038 2026 1202 2064 lacertis
1239 2023 1468 2076 conspicuis
1507 2035 1552 2060 ac

167 2098 391 2138 seminudis
416 2097 569 2135 erant.“
629 2096 710 2134 Sed
735 2096 928 2133 adversus
954 2108 1047 2132 eum
1069 2095 1127 2131 ita
1163 2092 1342 2144 disputat
1373 2090 1557 2129 Achaiu-

167 2173 232 2205 tre
251 2182 258 2204 :
317 2166 527 2215 „Primum
553 2178 701 2202 aarum
721 2164 892 2215 longum
910 2162 995 2199 dici
1015 2175 1092 2214 pro
1117 2163 1266 2198 monili
1284 2174 1367 2197 uon
1395 2164 1557 2199 certum

167 2241 229 2274 est
239 2249 249 2283 3
280 2232 426 2272 deinde
446 2232 676 2272 inauditum
697 2231 849 2270 monile
875 2230 1103 2268 cervicibus
1136 2229 1397 2281 impositum3
1436 2240 1556 2279 prae—

161 2401 164 2404 ,
223 2365 299 2400 185.
330 2377 363 2398 v.
397 2363 441 2397 ad
473 2364 539 2397 Sil.
575 2363 640 2405 ΙΙΙ,
689 2364 766 2398 611.
800 2370 836 2396 et
892 2361 953 2403 1V,
984 2373 1017 2394 2.
1054 2359 1270 2393 Artemidor.
1305 2359 1356 2405 II,
1392 2359 1426 2393 8.
1459 2358 1554 2403 Lips.

176 2425 296 2467 ImPP·
320 2422 463 2455 Tibull.
491 2422 554 2464 111,
577 2431 609 2463 14,
634 2420 686 2454 18.
894 2421 940 2453 ad
969 2419 1095 2452 senec.
1122 2418 1166 2449 de
1200 2417 1316 2449 Clem.
1348 2417 1375 2459 I,
1398 2416 1431 2449 8.
1467 2415 1555 2449 Pot-

224 2481 299 2515 1256.
348 2478 404 2512 Cf.
428 2479 545 2512 Acron
581 2478 625 2510 ad
650 2480 769 2512 Horat.
793 2477 837 2511 A.
893 2479 962 2511 teri
996 2476 1179 2509 Archaeol.
1207 2473 1270 2507 Gr.
1296 2475 1362 2507 lib.
1381 2474 1446 2508 IV.
1472 2485 1502 2506 c.
1529 2484 1561 2507 1.

173 2541 214 2574 P.
244 2540 322 2583 471.
355 2537 495 2580 Koenig
523 2535 566 2568 ad
591 2534 685 2569 Pers.
711 2536 758 2577 ll,
781 2547 837 2579 27.
895 2543 929 2568 et
957 2533 1044 2567 ibid.
1072 2532 1262 2565 Rambach.
1286 2532 1328 2564 T.
1351 2532 1400 2565 ΙΙ.
1424 2543 1461 2574 p.
1480 2530 1558 2564 552.

172 2599 268 2634 Plin.
294 2596 342 2637 11,
366 2596 419 2628 52.
451 2602 483 2626 et
510 2593 565 2626 54.
595 2602 680 2626 extr.
714 2593 838 2626 Festus
894 2591 948 2624 De
988 2589 1148 2630 duobus,
1181 2600 1270 2630 quae
1305 2590 1394 2621 olim
1430 2588 1561 2620 Romae

178 2667 277 2687 voce.
305 2652 518 2692 Conditum,
550 2650 782 2695 Fulguritum
808 2658 841 2683 et
899 2649 1041 2681 suerunt
1057 2672 1069 2688 ,
1088 2646 1285 2690 putealibus
1303 2659 1335 2681 v.
1350 2645 1490 2688 Koenig
1517 2643 1561 2677 ad

178 2710 376 2753 Bidental,
403 2710 497 2746 Plut.
526 2709 669 2753 Quaest.
697 2709 840 2743 Couv'nz
900 2706 993 2742 Pers.
1019 2704 1078 2748 IV,
1104 2704 1164 2750 49.
