1686 3089
488 173 566 216 1N
601 173 1009 216 1VVEN.SAT.
1055 176 1169 217 ΧΠ.
1452 179 1532 232 715

143 290 323 330 mendax
352 290 477 328 audet
510 293 557 329 in
590 290 849 339 historicc'X‚
888 292 977 340 174.
1017 292 1130 343 175.)
1176 306 1250 331 nce
1287 294 1424 346 potius
1452 293 1532 334 hoc

145 359 370 396 commenti
389 364 510 407 sunt,
535 364 584 396 ut
607 359 684 397 alia
697 389 709 408 ,
737 373 839 412 quae
862 358 912 396 de
938 358 1093 397 Thebis
1128 374 1350 413 earumque
1375 362 1535 412 origine

146 424 338 464 fabulose
369 434 545 464 narrant.
617 427 731 465 Haec
768 432 815 464 ut
861 426 1015 465 rideret
1059 433 1204 478 poeta,
1252 428 1444 467 adiunxit
1474 442 1536 467 vs.

147 493 228 532 241
256 515 308 523 -—
330 495 423 532 245.
446 495 516 545 qui
552 490 688 532 tamen
717 494 755 532 h.
792 495 847 538 l.,
887 495 959 532 ubi
987 508 1010 532 a
1043 497 1344 546 comparatione
1377 501 1535 534 tantum

149 561 309 599 occasio
328 575 471 599 eorum
490 561 800 600 scribendorum
821 563 951 614 petita
973 569 1033 600 est
1065 577 1199 615 neque
1231 563 1310 613 ipsi
1343 563 1391 600 ad
1418 571 1540 616 caput

148 629 213 668 rei
234 628 520 666 illustrandum
552 629 773 682 quidquam
804 630 987 678 faciunt,
1023 644 1166 682 parum
1196 632 1422 681 opportuni
1444 637 1542 670 sunt

89 683 97 689 .
147 702 194 733 et
225 696 556 747 intempestivam
591 696 775 748 produnt
807 698 906 735 artis
943 697 1233 750 doctrinaeque
1278 698 1541 738 ostentandae

149 762 429 816 cupiditatem.
455 761 494 785 ²⁵
537 764 725 802 Historia
762 770 898 802 autem
921 765 1088 816 originis
1115 764 1351 804 Thebarum
1383 765 1452 804 vel
1481 767 1539 803 ti-

149 831 321 886 ronibus
349 819 446 870 nota
467 845 521 869 ex
553 831 676 869 Ovid.
711 832 812 869 Met.
837 833 905 882 ΙΙΙ,
936 846 954 872 1
975 854 1031 860 -——-
1059 833 1146 872 130.
1171 838 1211 870 et
1231 832 1342 871 sorte
1371 846 1425 871 ex
1447 839 1540 884 ety-

149 898 249 938 mol.
277 912 390 950 vocc.
423 901 603 952 γηγενεῖς
637 905 679 936 et
706 903 895 951 Σπαρτοὶ
925 907 1014 939 orta
1038 906 1113 938 cst.
1148 895 1191 919 ²⁵

1258 902 1442 952 legiones
1464 915 1540 953 pro

153 965 423 1004 multitudine
441 968 627 1005 virorum
655 971 914 1006 armatorum.

981 968 1064 1005 Res
1098 968 1148 1005 de
1168 967 1371 1006 industria
1395 969 1544 1021 ampli-

149 1031 310 1083 fleatur,
337 1034 445 1072 risus
467 1034 654 1086 captandi
674 1048 812 1083 causa,
843 1049 923 1087 quo
949 1042 990 1073 et
1002 1048 1044 1073 ‘v’-
1066 1036 1158 1073 245.
1179 1042 1345 1087 spectat.
1370 1051 1545 1089 quorum

151 1115 300 1153 graece
331 1107 372 1138 et
407 1101 527 1139 docte
566 1101 718 1140 dicitur
752 1116 828 1154 pro
861 1116 1036 1155 quarum
1069 1103 1155 1140 scil.
1186 1102 1442 1154 Thebarum,
1472 1112 1546 1144 re·-

153 1175 297 1221 spectu
317 1168 368 1206 ad
397 1169 550 1207 incolas
582 1169 695 1207 urbis
725 1177 766 1208 et
796 1171 974 1208 nobilius
1007 1183 1131 1220 genus
1155 1169 1316 1219 habito,
1356 1177 1405 1209 ut
1426 1178 1547 1224 quem

153 1249 242 1288 sup.
264 1250 301 1274 v.
341 1237 434 1275 231.
456 1232 499 1258 ²⁷
532 1259 588 1268 —-
642 1238 735 1275 243.
763 1238 866 1275 Tam
886 1236 1060 1276 horrido
1092 1237 1214 1276 modo
1244 1244 1442 1292 tantoque
1462 1241 1547 1279 im-

152 1310 254 1356 petu
281 1304 392 1342 inter
425 1317 468 1342 se
491 1307 612 1343 armis
647 1304 930 1354 decertarunt,
966 1310 1014 1341 ut
1036 1311 1225 1356 putares,
1264 1319 1344 1344 una
1378 1321 1471 1345 cum
1494 1308 1548 1345 iis

155 1377 300 1410 natum
347 1371 477 1410 fuisse
520 1374 765 1421 tubicinem,
818 1373 888 1424 qui
927 1373 977 1410 ad
1018 1386 1195 1423 pugnam
1228 1387 1296 1411 eos
1334 1375 1547 1412 excitaret.

155 1440 251 1477 244.
279 1441 440 1490 ignem,
466 1440 738 1479 insatiabilem
763 1440 996 1488 avaritiam,
1026 1453 1127 1490 quae
1153 1440 1275 1478 etiam
1312 1442 1464 1479 ardens
1482 1441 1550 1479 di-

158 1506 268 1544 citur
286 1506 370 1544 Cic.
394 1508 428 1544 F
429 1508 484 1546 in.
505 1508 582 1556 III,
611 1521 626 1546 1
641 1522 671 1545 1.

266 1575 366 1612 246.
391 1576 484 1622 247.
513 1576 643 1613 Filius
665 1575 788 1613 etiam
808 1579 850 1611 te
873 1574 1029 1625 ipsum,
1059 1580 1220 1626 patrem
1242 1581 1282 1612 et
1304 1582 1549 1628 praecepto—

155 1655 266 1691 rem,
295 1643 538 1692 interficiet,
575 1649 624 1680 ut
652 1643 717 1681 leo
753 1653 1062 1693 nonnumquam
1088 1642 1326 1693 magistrum
1347 1657 1493 1688 suum,
1527 1657 1551 1682 a

159 1723 242 1761 quo
267 1710 492 1757 enutritur,
522 1710 568 1748 in
588 1724 716 1748 eavea
726 1737 741 1754 ,
782 1709 965 1747 Ierarum
991 1710 1256 1759 receptaculo
1285 1710 1353 1747 vel
1374 1709 1550 1758 theatro,

159 1775 366 1814 dilacerat.
435 1777 604 1814 Poetam
638 1775 678 1814 h.
710 1776 737 1814 l.
768 1777 978 1827 respicere
1009 1775 1223 1814 historiam
1256 1777 1321 1814 sui
1352 1778 1551 1828 temporis

158 1849 329 1896 putant,
360 1843 451 1882 coll.
472 1843 652 1881 Martial.
677 1842 726 1880 de
753 1843 888 1895 Spect.
913 1844 968 1881 X.
991 1843 1199 1881 Particula
1219 1850 1355 1882 autem
1384 1858 1552 1896 compa-

159 1912 333 1950 rationis
365 1912 536 1960 omissa,
564 1916 613 1948 ut
634 1924 720 1962 sup.
736 1924 774 1948 v.
798 1922 880 1963 229
904 1925 986 1963 seq.
1011 1913 1249 1962 et'passim,
1282 1924 1321 1950 v.
1345 1925 1378 1949 e.
1404 1912 1552 1950 Horat.

163 1978 294 2031 Epist.
329 1979 361 2027 I,
387 1991 425 2027 2,
450 1980 516 2017 54.
541 1980 606 2017 42.
645 1979 684 2022 5,
716 1991 777 2029 19.
813 1978 861 2015 al.
899 1978 960 2015 leo
999 1980 1221 2023 alumnus,
1262 1993 1299 2017 v.
1333 1979 1475 2017 Heius.
1503 1979 1558 2019 ad

167 2046 406 2086 Ovid.Met‚
429 2047 515 2096 IV,
543 2047 636 2084 421.
661 2067 717 2076 —
774 2046 855 2085 248
882 2059 963 2098 seq.
990 2047 1130 2084 Filias
1147 2056 1241 2084 ante
1263 2047 1372 2084 diem
1391 2050 1556 2098 patrios·

731 1508 966 1554 scintillas,
993 1508 1148 1543 semina
1176 1512 1218 1544 et
1252 1508 1463 1559 originem.

209 2156 266 2191 25.
278 2157 356 2191 Non
368 2159 464 2189 enim
479 2155 703 2198 crediderim,
721 2156 829 2201 (quae

163 2214 320 2248 Bahrdtii
361 2216 534 2246 sententia
573 2214 664 2259 erat)
701 2215 831 2247 horum

163 2264 337 2305 versuum'
365 2270 613 2303 addendorum
640 2271 831 2303 consilium

168 2341 210 2362 eo
235 2337 412 2373 spectare,
463 2337 503 2361 ut
532 2330 574 2360 iis
600 2327 831 2360 adumbretur

169 2398 312 2420 summa
350 2387 403 2418 vis
448 2385 663 2418 educationis
704 2397 862 2428 pravo—¹

169 2455 321 2486 rumque
361 2443 607 2485 exemplorum
651 2450 685 2474 et
729 2454 835 2486 prae—-

169 2509 366 2544 ceptorum,
386 2511 473 2542 quae
491 2501 528 2531 in
548 2508 685 2532 teneros
702 2499 835 2544 pueross

173 2548 256 2592 111111
293 2559 431 2591 animos
465 2557 539 2595 sine
574 2558 650 2589 ullo
676 2556 835 2601 impedi-

173 2607 296 2656 iffento
321 2616 390 2647 alte
415 2613 648 2655 descendant,
680 2622 719 2647 ut
743 2614 836 2646 den-

174 2682 226 2705 tes
267 2673 427 2705 draconis
467 2673 504 2704 in
544 2673 659 2704 sulcos
698 2671 841 2705 Cadmi.

172 2731 274 2777 Quae
314 2732 403 2766 ratio
441 2741 550 2773 quam
588 2731 694 2773 longe
729 2730 839 2774 petita

885 2159 949 2198 sit,
985 2157 1045 2188 vel
1070 2167 1128 2187 me
1155 2168 1228 2189 non
1251 2164 1420 2189 monente
1444 2159 1556 2190 intel-

889 2215 1024 2256 ligitur.

934 2270 991 2304 26.
1023 2281 1054 2302 v.
1088 2269 1209 2314 Heyne
1237 2269 1282 2301 ad
1304 2269 1474 2314 Apollod.
1493 2271 1559 2314 111,

888 2329 922 2370 4,
947 2340 975 2360 1.
1002 2334 1036 2359 et
1057 2327 1244 2359 Herrmau.
1268 2328 1419 2372 Mythol.
1442 2329 1560 2373 Lyric.

889 2387 933 2419 Τ.
952 2384 1000 2419 ΙΙ.
1020 2395 1056 2428 p.
1076 2384 1154 2428 239.
1173 2384 1255 2417 240.

939 2455 995 2487 27.
1019 2455 1052 2475 v.
1072 2441 1116 2473 ad
1137 2442 1201 2475 Sil.
1217 2442 1259 2483 V,
1272 2441 1352 2487 495.
1371 2441 1560 2484 et2X,506.

892 2499 1024 2534 Brunk.
1067 2498 1111 2531 ad
1141 2497 1311 2542 Sophocl.
1347 2498 1444 2533 Aiac.
1477 2501 1558 2544 760.

875 2559 1075 2601 'Koeppem
1108 2554 1152 2587 ad
1191 2555 1298 2588 Hom.
1331 2557 1376 2589 ll.
1407 2557 1454 2599 II,
1482 2558 1559 2602 278.

865 2620 867 2623 ⁴
893 2615 1006 2649 Grou.
1032 2613 1137 2647 Ohss.
1157 2613 1186 2655 I,
1209 2611 1263 2646 16.
1296 2611 1340 2645 ad
1360 2614 1435 2647 Liv.
1455 2615 1484 2656 I,
1503 2614 1562 2659 59.

892 2671 1022 2714 XXIX,
1052 2681 1103 2707 12.
1130 2678 1165 2703 et
1185 2670 1229 2703 ad
1248 2670 1460 2716 sen.‚Herc.
1488 2671 1560 2706 sur.

875 2743 878 2747 ·
899 2728 998 2775 1157.
1023 2767 1025 2769 ,
