1686 3089
227 149 282 192 26
640 150 1210 194 COMMENTARIVS

229 264 280 302 ad
303 264 385 314 VI,
420 266 532 317 123,)
562 281 734 320 corpore
769 274 977 320 quaestum
1002 268 1137 307 facere
1163 274 1402 320 paupertate
1432 275 1614 322 cogatur,
1637 271 1640 273 ’

230 332 302 369 ille
335 347 459 382 vero,
510 336 651 373 alienis
677 336 860 388 pecuniis
892 335 1184 387 locupletatus,
1225 342 1336 373 tanta
1361 351 1435 388 per
1465 339 1610 376 urbem

227 411 376 450 pompa
393 401 553 440 incedat
577 409 718 454 totque
749 403 965 440 clientibus
996 403 1063 440 vel
1095 403 1222 441 servis
1259 403 1429 454 stipatus
1467 405 1613 443 lectica

225 472 420 516 gestetur,
442 475 490 506 ut
509 469 707 520 populum
715 478 879 521 premat
900 476 940 506 et
957 474 1111 520 urgeat,
1183 471 1383 521 gregibus
1404 474 1612 516 comitum,

226 540 275 571 ut
294 550 397 586 grex
427 545 594 588 togatas
617 552 677 588 ap.
713 536 894 575 Martial.
923 535 972 584 II,
1008 538 1072 586 57,
1107 538 1143 574 5.
1203 537 1376 575 Comites
1406 536 1445 575 h.
1478 538 1504 575 l.
1528 551 1612 575 non

223 608 306 639 tam
329 603 459 651 servi,
508 618 648 655 quam,
703 611 749 641 ut
774 605 846 642 inf.
870 618 907 642 V.
945 617 1058 656 119.,
1095 603 1284 650 clientes,
1333 605 1403 655 qui
1434 605 1613 643 officium

221 671 403 721 patronis
424 672 684 721 praestabant
716 687 799 709 non
829 678 986 710 tautum
1017 671 1227 709 salutando
1267 676 1308 708 et
1342 671 1611 716 occurrendo,

220 737 292 774 sed
319 738 440 775 etiam
467 738 704 776 deducendo
732 745 773 776 et
804 739 1058 787 comitando,
1097 738 1207 776 undo
1230 745 1271 775 et
1303 738 1548 790 praecedere
1569 744 1613 775 et

217 803 337 842 lateri
375 804 544 843 haerere
581 813 621 843 et
649 806 841 857 subsequi
875 806 1067 844 solebant.
1095 806 1139 828 ²0

334 872 384 921 47
405 895 459 901 —
481 874 545 911 50.
574 874 744 910 asarias
768 873 957 922 Priscus,
1004 873 1233 912 Proconsul
1266 872 1456 921 Africae,
1511 886 1611 924 pro-

217 938 395 977 vinciam
433 941 686 990 expilaverat
721 945 762 975 ct
799 940 849 976 ob
885 942 1123 979 innocentes
1157 947 1239 978 tan]
1270 928 1611 987 condemnandos,

220 1020 339 1058 quam
370 1006 699 1053 interficiendos,
745 1020 768 1043 a
811 1007 898 1044 solo
932 1007 1141 1045 Bffartialio
1184 1008 1438 1058 septingenta
1483 1006 1612 1043 millia

219 1080 447 1124 acceperat.
504 1073 643 1120 Quum
665 1074 800 1123 itaque
823 1074 870 1108 ab
894 1073 1032 1120 Afris,
1084 1088 1260 1125 quorum
1285 1087 1447 1112 eausam
1467 1074 1612 1123 agebat

220 1141 378 1179 Plinius
416 1141 574 1186 iunior,
629 1153 660 1176 a.
690 1138 741 1175 U.
780 1152 812 1174 c.
844 1140 935 1176 853.
971 1141 1294 1190 repetundarum
1330 1146 1609 1187 accusaretur3

220 1208 428 1245 Cornutus
463 1205 674 1243 Tertullus
710 1204 800 1241 Cos.
845 1205 1101 1256 designatus,
1141 1207 1184 1244 iu
1215 1209 1329 1243 cuius
1366 1207 1611 1244 sententiam

216 1276 403 1327 plerique
430 1278 637 1311 senatores
665 1271 945 1319 discedebant,
985 1272 1089 1310 lianc
1119 1274 1333 1324 pecuniam
1368 1273 1523 1310 aerario
1541 1273 1609 1310 in·-

216 1342 429 1379 serendam
455 1346 496 1377 ct
520 1340 654 1377 Mario
679 1337 793 1375 Urbe
816 1338 1014 1390 Italiaque
1040 1339 1370 1377 interdicendum
1402 1335 1615 1378 censebats

216 1409 281 1447 Cf.
311 1409 438 1455 VIII,
476 1409 527 1458 95
555 1421 636 1457 seq.
666 1418 742 1443 120
764 1418 843 1456 seq.
874 1411 915 1441 et
938 1406 1042 1456 inpr.
1075 1407 1180 1444 Ph‘n.
1204 1406 1280 1456 Ep.
1306 1407 1358 1455 II,
1395 1420 1454 1444 11.
1482 1414 1522 1444 et
1546 1420 1605 1445 12.

214 1477 423 1515 Iudicium
456 1475 581 1524 igitur
613 1473 692 1510 hoc
731 1486 813 1509 non
841 1472 964 1509 modo
1006 1473 1191 1524 iniquum
1230 1473 1333 1520 suit,
1381 1473 1452 1510 sed
1483 1474 1606 1512 etiam

215 1547 366 1588 inane,
436 1541 546 1593 quod
588 1554 722 1591 neque
786 1540 1127 1590 provincialibus:
1161 1540 1380 1591 quidquam
1431 1542 1604 1591 profuit,

215 1611 406 1663 quoniam
432 1609 605 1660 pecunia
627 1607 802 1658 repetita
825 1608 919 1657 ipsis
941 1620 1025 1644 non
1047 1607 1209 1644 reddita
1237 1613 1321 1655 est,
1365 1608 1436 1644 sed
1470 1609 1514 1645 in
1534 1622 1603 1645 ae-

215 1679 371 1717 rarium
407 1676 559 1723 delata3
603 1674 731 1722 (unde
761 1688 860 1711 mox
893 1676 1045 1711 victrix
1060 1677 1283 1724 provincia
1314 1676 1490 1726 ploras)
1527 1690 1604 1713 ne-

215 1759 294 1797 que
326 1744 460 1781 Mario
502 1742 678 1780 multum
716 1742 860 1779 nocuit
902 1755 1178 1793 poenamque,
1228 1756 1347 1794 quam
1384 1749 1603 1790 meruerat,

210 1812 432 1861 irrogavit:
468 1811 502 1847 is
541 1810 650 1846 enini
682 1811 928 1860 infamiam,
977 1808 1234 1847 danmatione
1269 1815 1309 1846 et
1346 1809 1491 1846 exsilio
1524 1810 1602 1849 sibi

211 1879 465 1929 adspersam,
503 1876 608 1914 nihil
639 1877 827 1925 curabat,
864 1877 957 1928 quia
991 1889 1074 1914 non
1108 1871 1294 1924 onmem,
1341 1890 1420 1928 qua
1450 1877 1601 1928 spolia-

210 1953 326 1985 verat
353 1945 645 1996 provinciales,
695 1944 912 1995 pecuniam
951 1944 1000 1981 iis
1031 1943 1254 1981 restituere
1299 1950 1463 1981 coactus
1500 1950 1599 1992 erat,

210 2013 283 2051 sed
306 2019 456 2049 tantam
478 2012 563 2049 eius
590 2012 815 2049 retinuerat
838 2025 1053 2059 summam,
1079 2016 1126 2047 ut
1147 2024 1256 2047 nuuc
1281 2011 1431 2048 lautius
1455 2008 1496 2050 in
1519 2025 1598 2048 ex-

210 2081 323 2123 silio,
376 2093 495 2130 quam
533 2078 630 2115 olim
664 2078 840 2126 Romae,
882 2080 1023 2116 vivere
1055 2084 1203 2130 posset.
1276 2079 1339 2129 49.
1367 2079 1420 2115 ab
1451 2087 1600 2116 octava

208 2147 312 2186 hora
339 2147 465 2184 bibit.-
505 2159 598 2183 nam
629 2145 784 2184 Romae
812 2145 1028 2193 heluones,
1072 2159 1157 2183 non
1196 2144 1380 2183 homines
1415 2145 1525 2195 frugi
1557 2151 1599 2183 et

209 2214 426 2261 laboriosi,
466 2213 546 2250 iam
582 2219 675 2250 ante
704 2226 851 2249 nonam
876 2212 1020 2251 horam
1056 2226 1226 2250 coenare
1261 2212 1454 2248 solebant.
1532 2211 1596 2249 Cf.

208 2282 385 2320 blartial.
411 2281 484 2328 IV,
512 2281 549 2327 8,
577 2281 612 2317 (3.
650 2280 795 2317 Horat.
831 2279 962 2330 Epist.
982 2279 1014 2326 I,
1040 2291 1074 2327 7,
1102 2291 1163 2327 70.
1186 2292 1248 2328 71.
1289 2285 1329 2316 et
1355 2278 1428 2315 ins.
1452 2277 1502 2315 ad
1523 2280 1597 2327 VI,
1619 2284 1621 2287 ’

211 2350 305 2387 418.
330 2354 371 2385 et
399 2345 472 2395 XI,
498 2349 577 2384 204
602 2361 682 2398 seq.
771 2347 940 2397 fluitur
967 2345 1052 2382 diis
1072 2347 1215 2389 iratis,
1244 2345 1390 2396 gaudet.
1410 2346 1470 2382 ira
1497 2345 1596 2383 deo-

206 2431 320 2463 rum,
362 2415 400 2452 h.
424 2429 457 2452 c.
484 2414 763 2462 damnatione,
800 2426 877 2464 qua
908 2413 1065 2449 scilicet
1098 2427 1122 2450 a
1154 2414 1276 2450 rebus
1301 2412 1487 2464 gerendis
1519 2426 1595 2450 ne—

209 2484 409 2535 gotiisque
430 2481 604 2533 publicis
630 2486 831 2530 remotus,
882 2487 922 2517 et
955 2486 1114 2518 tantum
1146 2480 1219 2518 otii
1250 2487 1391 2518 nactus
1427 2486 1507 2529 est,
1547 2486 1595 2517 ut

257 2646 311 2667 20.
348 2632 404 2666 Cf.
451 2632 528 2666 VV.
569 2631 650 2664 DD.
694 2632 737 2664 ad
782 2633 871 2665 Plin.
928 2631 1002 2664 Lat.
1035 2632 1123 2666 Min.
1158 2633 1244 2667 Vol.
1281 2633 1341 2666 IV.
1373 2644 1407 2675 p.
1444 2629 1521 2676 257.
1559 2639 1593 2664 et

209 2691 338 2734 Paneg.
365 2703 392 2723 c.
421 2690 474 2736 76.
500 2699 533 2723 et
548 2689 871 2723 WcrnsdorfPoet.
933 2690 1015 2734 259.
