1686 3089
230 182 314 223 ¹172
614 160 1223 213 ‘COMMENTARivs

231 288 276 320 et
307 281 464 321 firmius
503 281 745 334 densantur,
784 299 901 338 quam
937 299 1099 332 carnes,
1139 285 1190 323 ob
1219 297 1415 322 summam
1448 283 1615 322 illo-rum

230 351 437 400 sanguinis
478 352 808 389 teneritudinem.
879 350 922 389 Si
959 353 1098 404 itaque
1136 351 1233 390 huic
1268 365 1410 390 eorum
1449 351 1621 389 coitioni

229 418 406 455 naturali
431 418 594 456 accedat
614 420 734 456 etiam
757 421 861 456 aceti
881 418 1002 457 calidi
1022 419 1232 470 superfusi
1262 420 1345 467 vis,
1388 433 1442 457 ex
1462 418 1618 469 duplici

229 486 522 523 constrictione
560 485 713 522 diutius
749 487 984 524 conservari
1011 487 1183 537 possint.
1241 487 1354 525 Haec
1388 493 1526 524 autem
1550 485 1622 536 pi-

227 554 359 591 scium
396 553 615 590 srictorum
639 552 880 591 condictum
917 554 1036 592 etiam
1067 554 1175 606 apud
1204 569 1278 593 nos
1309 555 1352 592 iu
1384 567 1461 591 usu
1484 558 1546 590 est
1576 557 1618 590 et

229 621 291 659 acl
317 623 570 658 maritimum,
594 620 758 656 modam
780 621 913 668 (Italis
936 624 1146 659 marinam>
1159 650 1172 667 ,
1207 622 1316 660 unde
1351 621 1491 658 Germ.
1523 633 1615 656 ma-

228 689 377 725 rinirte
409 686 587 733 Fisclze)
629 687 896 737 appellatur.“
963 688 1255 740 Intelliguntur
1289 689 1426 740 itaque
1476 692 1618 724 nostro

229 768 357 794 versu
394 755 524 792 onmis
566 755 724 804 generis
758 755 888 805 pisces
899 783 911 804 ‚
962 770 1061 807 quos
1098 763 1371 803 mercatores,
1414 753 1537 792 modo
1569 752 1619 790 ab

228 822 376 874 Apicio
399 827 735 868 commemorato,
774 822 816 859 in
838 822 923 873 ipsa
945 821 1131 874 Aegypto
1168 822 1415 861 condiendos
1448 827 1490 859 et
1511 820 1620 858 inter

227 891 413 929 Nilotica
436 889 505 926 illa
530 888 787 936 salsamenta,
828 904 930 941 quae
952 889 1162 928 Diodorus
1185 891 1217 938 Ι,
1241 891 1306 928 36.
1334 889 1541 926 Lucianus
1565 887 1616 924 T.

227 958 305 997 III.
345 972 382 1008 p.
410 958 502 1007 249.
535 955 596 992 ed.
626 955 779 992 Reitzii
815 957 966 1008 aliique
999 957 1187 1005 laudant,
1237 957 1411 994 Romam
1443 955 1618 993 navibus

223 1024 544 1065 transvehendos
577 1029 779 1060 curarent.
849 1023 1039 1072 Quorum
1075 1025 1119 1061 in
1160 1038 1332 1061 numero
1366 1024 1516 1059 siluros
1549 1021 1619 1059 hio

223 1108 325 1147 prae
349 1092 535 1130 omnibus
556 1090 685 1127 dictos
707 1090 907 1128 videmus.
952 1091 1085 1127 Fuere
1104 1092 1214 1127 enim
1239 1090 1355 1127 siluri
1378 1102 1462 1126 non
1484 1088 1619 1126 solum

225 1158 551 1212 :frequentissimi
574 1157 617 1195 in
640 1156 761 1205 Nilo,
798 1157 870 1194 scd
894 1158 1015 1195 etiam
1041 1157 1167 1208 pretii
1202 1163 1283 1195 tam
1305 1157 1418 1204 vilis,
1461 1162 1509 1193 ut
1532 1168 1618 1192 non

225 1229 306 1266 nisi
329 1228 376 1265 ab
398 1227 608 1277 inopibus,
651 1227 810 1278 qualem
838 1224 1074 1275 Crispinum
1096 1237 1260 1261 servum
1287 1224 1413 1261 fuisse
1436 1238 1458 1261 e
1488 1236 1526 1261 v.
1549 1223 1615 1260 24.

225 1296 397 1342 scimus,
443 1300 485 1330 et
505 1293 784 1332 venderentur
816 1299 858 1330 et
891 1297 1139 1329 emerentur.
1196 1291 1273 1328 Est
1302 1297 1446 1328 noster
1467 1291 1618 1328 silurus

222 1362 417 1400 Scheilan
445 1361 677 1408 Niloticiis,
732 1361 859 1411 pinna
903 1359 1055 1396 dorsali
1098 1358 1275 1396 secunda
1319 1358 1506 1410 adiposa,
1559 1356 1615 1410 (v.

222 1428 374 1467 Blochs
400 1426 667 1477 Naturgesch.
689 1426 761 1464 der
783 1425 929 1464 Fische
950 1425 1252 1463 Deutschlands
1285 1425 1334 1461 Τ.
1365 1425 1397 1462 Ι.
1433 1440 1472 1477 p.
1498 1421 1613 1479 247.)

221 1497 346 1549 piscis
364 1493 621 1544 longitudine
654 1493 752 1539 XII,
787 1494 838 1531 ad
860 1506 1065 1531 summum
1096 1493 1181 1530 XV
1211 1492 1456 1543 digitorum,
1494 1494 1613 1532 nobis

224 1564 298 1601 cler
323 1562 555 1614 chngbart.
571 1565 593 1580 ‘·

342 1631 396 1669 54
422 1652 452 1657 —--
475 1629 512 1666 6.
548 1629 697 1666 Faceta
730 1628 944 1665 Musarum
976 1627 1185 1666 invocatio
1219 1628 1264 1665 in
1297 1641 1343 1665 re
1378 1627 1552 1665 ridicula
1575 1633 1616 1665 et

221 1700 320 1744 vili,
372 1704 578 1748 tamquam
615 1696 757 1747 gravi,
815 1696 920 1733 seria
956 1709 1000 1733 ac
1034 1694 1210 1742 difficili,
1269 1700 1315 1731 ut
1346 1709 1407 1746 ap.
1439 1695 1615 1733 Homer.

222 1765 412 1806 Batrach.
441 1778 478 1802 v.
506 1777 523 1801 1
556 1777 637 1814 seq.
665 1769 705 1800 et
728 1763 873 1800 Horat.
910 1763 990 1800 Sat.
1017 1761 1048 1811 I,
1071 1763 1110 1807 5,
1150 1763 1197 1800 51
1228 1775 1308 1813 seq.
1335 1776 1434 1814 quos
1466 1776 1614 1800 recen-

223 1835 350 1873 tiores
374 1837 520 1883 poetae
548 1831 697 1868 imitati
730 1836 836 1868 sunt.
893 1829 957 1867 Ita
979 1843 1119 1867 omnes
1151 1835 1316 1880 poetas,
1358 1831 1428 1881 qui
1462 1830 1614 1868 carmi-

222 1915 322 1939 num
357 1913 527 1937 suorum
568 1897 749 1935 exordiis
780 1899 919 1937 Musas
952 1898 1147 1936 invocent
1182 1910 1329 1948 easque
1361 1910 1506 1934 canere
1543 1897 1614 1939 iu-

221 1969 367 2016 beant,
405 1967 598 2005 vanitatis
619 1967 734 2015 argui
778 1971 918 2002 monet
937 1964 1084 2015 Rigalt.
1199 1965 1387 2015 Calliope
1417 1977 1493 2016 pro
1519 1978 1611 2011 om-

223 2037 346 2073 nibus
370 2034 522 2081 Musis,
551 2033 645 2084 quia
665 2033 856 2084 princeps
881 2045 1020 2069 earum
1046 2038 1129 2080 est,
1157 2028 1471 2086 προφερεστάτη
1497 2028 1612 2072 ofna-

220 2103 351 2150 σέων,
399 2099 568 2138 Hesiod.
609 2102 656 2140 Θ.
695 2113 759 2151 79.
820 2098 883 2137 Cf.
915 2099 967 2137 ad
1013 2099 1083 2138 Sil.
1120 2100 1198 2145 III,
1244 2112 1338 2138 222.
1371 2099 1469 2137 XII.
1512 2101 1608 2151 390.

225 2170 339 2220 Virg.
364 2169 466 2206 Aen.
490 2167 566 2215 IX,
599 2167 690 2204 525.
731 2167 780 2203 al.
893 2168 991 2205 licet
1011 2176 1050 2204 et
1083 2167 1309 2215 considere,
1347 2167 1475 2205 instar
1496 2167 1610 2205 iudi-

220 2250 315 2275 cum
341 2242 411 2274 aut
434 2247 599 2281 corum,
638 2233 707 2284 qui
728 2234 796 2271 vel
815 2234 865 2271 de
894 2248 943 2272 re
974 2235 1110 2285 magni
1141 2235 1339 2273 momenti
1367 2235 1608 2283 deliberant,

219 2305 288 2342 vel
321 2305 594 2341 immorantur
629 2302 672 2338 in
704 2315 752 2339 re
774 2301 907 2352 gravi,
944 2315 1046 2353 quae
1078 2315 1232 2340 moram
1262 2302 1441 2353 postulat
1465 2309 1505 2340 et
1540 2309 1607 2341 at·-

220 2371 463 2408 tentionem.
579 2383 662 2406 non
694 2377 752 2406 est
789 2369 1064 2417 cantandam,
1101 2377 1147 2406 ut
1174 2370 1218 2408 in
1248 2383 1294 2407 re
1322 2368 1498 2418 ludicra,
1535 2377 1607 2410 aut

220 2438 315 2475 fieta
340 2444 382 2475 et
405 2437 608 2481 fabulosa,
649 2450 750 2489 quae
774 2450 796 2474 a
815 2436 947 2488 poetis
967 2435 1173 2475 decantari
1189 2437 1305 2475 solet.
1363 2437 1430 2475 Sic
1452 2446 1605 2476 canta-

218 2519 260 2542 re
282 2517 357 2555 pro
380 2504 546 2554 fingere,
565 2505 661 2543 ficta
686 2518 830 2543 cancre
850 2503 923 2541 ins.
954 2504 1010 2553 X,
1041 2506 1129 2554 178.
1221 2519 1284 2543 res
1307 2519 1404 2543 vera
1431 2507 1606 2557 agitur,-

220 2571 336 2609 cuius
358 2577 495 2609 tamen
517 2573 666 2612 veritas
695 2586 779 2611 non
800 2571 962 2610 aliunde
993 2578 1160 2611 constat.
1270 2572 1486 2617 Pierides,
1525 2582 1604 2610 no—

220 2638 306 2675 tiss.
342 2639 556 2678 Musarum
603 2655 775 2690 nomen,
826 2655 849 2679 a
883 2645 1024 2679 monte
1055 2639 1341 2690 Macedoniae,
1390 2640 1441 2678 iis
1475 2653 1601 2677 sacro.

220 2703 287 2742 Cf.
313 2705 363 2743 ad
387 2706 482 2759 VII,
507 2710 542 2748 8.
568 2709 633 2748 58.
659 2710 725 2763 59.
833 2710 972 2762 prosit
1005 2707 1132 2760 mihi,
1175 2706 1246 2761 (ut
1265 2721 1327 2762 ap.
1361 2707 1475 2761 Yirg·
1498 2707 1603 2755 Aen2
