<?xml version="1.0" encoding="UTF-8"?>
<!DOCTYPE html PUBLIC "-//W3C//DTD XHTML 1.0 Transitional//EN"
    "http://www.w3.org/TR/xhtml1/DTD/xhtml1-transitional.dtd">
<html xmlns="http://www.w3.org/1999/xhtml" xml:lang="en" lang="en">
 <head>
  <title>
</title>
<meta http-equiv="Content-Type" content="text/html;charset=utf-8" />
  <meta name='ocr-system' content='tesseract 3.04.00' />
  <meta name='ocr-capabilities' content='ocr_page ocr_carea ocr_par ocr_line ocrx_word'/>
</head>
<body>
  <div class='ocr_page' id='page_1' title='image "./satirae16adoptim021juveuoft_0749.png"; bbox 0 0 1686 3089; ppageno 0'>
   <div class='ocr_carea' id='block_1_1' title="bbox 474 185 1532 250">
    <p class='ocr_par' dir='ltr' id='par_1_1' title="bbox 474 185 1532 250">
     <span class='ocr_line' id='line_1_1' title="bbox 474 185 1532 250; baseline 0.001 -21"><span class='ocrx_word' id='word_1_1' title='bbox 474 187 550 230; x_wconf 85' lang='lat' dir='ltr'><strong>IN</strong></span> <span class='ocrx_word' id='word_1_2' title='bbox 585 185 816 228; x_wconf 83' lang='lat' dir='ltr'><strong>IVVEN.</strong></span> <span class='ocrx_word' id='word_1_3' title='bbox 866 185 1005 226; x_wconf 87' lang='lat' dir='ltr'><strong>SAT.</strong></span> <span class='ocrx_word' id='word_1_4' title='bbox 1047 186 1160 229; x_wconf 82' lang='lat' dir='ltr'><strong>xiv.</strong></span> <span class='ocrx_word' id='word_1_5' title='bbox 1448 202 1532 250; x_wconf 65' lang='lat'><strong>719</strong></span> 
     </span>
    </p>
   </div>
   <div class='ocr_carea' id='block_1_2' title="bbox 122 301 1533 2382">
    <p class='ocr_par' dir='ltr' id='par_1_2' title="bbox 135 301 1533 612">
     <span class='ocr_line' id='line_1_2' title="bbox 144 301 1533 356; baseline 0.004 -14"><span class='ocrx_word' id='word_1_6' title='bbox 144 306 193 342; x_wconf 82' lang='lat' dir='ltr'><strong>in</strong></span> <span class='ocrx_word' id='word_1_7' title='bbox 215 303 397 356; x_wconf 79' lang='lat' dir='ltr'><em>pelago,</em></span> <span class='ocrx_word' id='word_1_8' title='bbox 428 317 549 356; x_wconf 88' lang='lat' dir='ltr'><strong>quam</strong></span> <span class='ocrx_word' id='word_1_9' title='bbox 573 304 617 342; x_wconf 88' lang='lat' dir='ltr'><strong>in</strong></span> <span class='ocrx_word' id='word_1_10' title='bbox 649 310 780 352; x_wconf 81' lang='lat' dir='ltr'><strong>terra3</strong></span> <span class='ocrx_word' id='word_1_11' title='bbox 829 308 939 356; x_wconf 67' lang='lat' dir='ltr'><strong>tama</strong></span> <span class='ocrx_word' id='word_1_12' title='bbox 968 309 1030 339; x_wconf 88' lang='lat' dir='ltr'><strong>est</strong></span> <span class='ocrx_word' id='word_1_13' title='bbox 1059 301 1272 344; x_wconf 86' lang='lat' dir='ltr'><strong>hominum</strong></span> <span class='ocrx_word' id='word_1_14' title='bbox 1298 309 1469 346; x_wconf 80' lang='lat' dir='ltr'><strong>avaritia</strong></span> <span class='ocrx_word' id='word_1_15' title='bbox 1489 315 1533 347; x_wconf 88' lang='lat' dir='ltr'><strong>et</strong></span> 
     </span>
     <span class='ocr_line' id='line_1_3' title="bbox 140 370 1533 424; baseline 0.003 -14"><span class='ocrx_word' id='word_1_16' title='bbox 140 371 250 410; x_wconf 88' lang='lat' dir='ltr'><strong>lucri</strong></span> <span class='ocrx_word' id='word_1_17' title='bbox 270 371 431 424; x_wconf 83' lang='lat' dir='ltr'><strong>cupido.</strong></span> <span class='ocrx_word' id='word_1_18' title='bbox 491 371 643 410; x_wconf 89' lang='lat' dir='ltr'><strong>Omnia</strong></span> <span class='ocrx_word' id='word_1_19' title='bbox 666 372 709 409; x_wconf 88' lang='lat' dir='ltr'><strong>in</strong></span> <span class='ocrx_word' id='word_1_20' title='bbox 734 371 862 410; x_wconf 85' lang='lat' dir='ltr'><strong>maius</strong></span> <span class='ocrx_word' id='word_1_21' title='bbox 888 370 1166 419; x_wconf 68' lang='lat' dir='ltr'><strong>extolluntur,</strong></span> <span class='ocrx_word' id='word_1_22' title='bbox 1204 379 1244 410; x_wconf 89' lang='lat' dir='ltr'><strong>et</strong></span> <span class='ocrx_word' id='word_1_23' title='bbox 1267 374 1373 412; x_wconf 82' lang='lat' dir='ltr'>nihil</span> <span class='ocrx_word' id='word_1_24' title='bbox 1403 378 1533 414; x_wconf 86' lang='lat' dir='ltr'><strong>omit—</strong></span> 
     </span>
     <span class='ocr_line' id='line_1_4' title="bbox 139 437 1532 494; baseline 0.002 -17"><span class='ocrx_word' id='word_1_25' title='bbox 139 440 264 488; x_wconf 81' lang='lat' dir='ltr'><strong>titur,</strong></span> <span class='ocrx_word' id='word_1_26' title='bbox 325 439 434 491; x_wconf 89' lang='lat' dir='ltr'><strong>quod</strong></span> <span class='ocrx_word' id='word_1_27' title='bbox 472 440 526 477; x_wconf 75' lang='lat' dir='ltr'><strong>ad</strong></span> <span class='ocrx_word' id='word_1_28' title='bbox 563 440 774 494; x_wconf 72' lang='lat' dir='ltr'><strong>ayaritiam</strong></span> <span class='ocrx_word' id='word_1_29' title='bbox 813 437 991 491; x_wconf 69' lang='grc' dir='ltr'><strong>ἐναργῶς</strong></span> <span class='ocrx_word' id='word_1_30' title='bbox 1035 437 1353 480; x_wconf 69' lang='lat' dir='ltr'><strong>adumbrandmn</strong></span> <span class='ocrx_word' id='word_1_31' title='bbox 1392 444 1532 482; x_wconf 81' lang='lat' dir='ltr'><strong>valere</strong></span> 
     </span>
     <span class='ocr_line' id='line_1_5' title="bbox 140 506 1533 559; baseline 0.006 -15"><span class='ocrx_word' id='word_1_32' title='bbox 140 507 286 559; x_wconf 79' lang='lat' dir='ltr'><strong>possit.</strong></span> <span class='ocrx_word' id='word_1_33' title='bbox 341 507 405 545; x_wconf 93' lang='lat' dir='ltr'><strong>Eo</strong></span> <span class='ocrx_word' id='word_1_34' title='bbox 447 507 570 544; x_wconf 78' lang='lat' dir='ltr'><strong>etiam</strong></span> <span class='ocrx_word' id='word_1_35' title='bbox 599 513 757 558; x_wconf 85' lang='lat' dir='ltr'><strong>spectat</strong></span> <span class='ocrx_word' id='word_1_36' title='bbox 790 519 827 544; x_wconf 92' lang='lat' dir='ltr'><strong>v.</strong></span> <span class='ocrx_word' id='word_1_37' title='bbox 854 518 947 555; x_wconf 84' lang='lat'><strong>277.</strong></span> <span class='ocrx_word' id='word_1_38' title='bbox 978 506 1124 544; x_wconf 76' lang='lat' dir='ltr'><strong>classis</strong></span> <span class='ocrx_word' id='word_1_39' title='bbox 1155 521 1232 558; x_wconf 89' lang='lat' dir='ltr'><strong>pro</strong></span> <span class='ocrx_word' id='word_1_40' title='bbox 1265 511 1533 552; x_wconf 85' lang='lat' dir='ltr'><strong>multitudine</strong></span> 
     </span>
     <span class='ocr_line' id='line_1_6' title="bbox 135 571 476 612; baseline 0 0"><span class='ocrx_word' id='word_1_41' title='bbox 135 575 314 612; x_wconf 83' lang='lat' dir='ltr'><strong>navium.</strong></span> <span class='ocrx_word' id='word_1_42' title='bbox 468 571 476 582; x_wconf 87' lang='lat'><strong><em>¹</em></strong></span> 
     </span>
    </p>

    <p class='ocr_par' dir='ltr' id='par_1_3' title="bbox 122 641 1533 2382">
     <span class='ocr_line' id='line_1_7' title="bbox 257 641 1533 694; baseline 0.005 -15"><span class='ocrx_word' id='word_1_43' title='bbox 257 643 338 692; x_wconf 82' lang='lat'><strong>278</strong></span> <span class='ocrx_word' id='word_1_44' title='bbox 361 655 444 694; x_wconf 86' lang='lat' dir='ltr'><strong>seq.</strong></span> <span class='ocrx_word' id='word_1_45' title='bbox 473 641 611 679; x_wconf 78' lang='lat' dir='ltr'><strong>Naves</strong></span> <span class='ocrx_word' id='word_1_46' title='bbox 633 655 718 679; x_wconf 87' lang='lat' dir='ltr'><strong>non</strong></span> <span class='ocrx_word' id='word_1_47' title='bbox 753 641 971 680; x_wconf 82' lang='lat' dir='ltr'>Orientem</span> <span class='ocrx_word' id='word_1_48' title='bbox 1001 641 1144 690; x_wconf 88' lang='lat' dir='ltr'><strong>modo,</strong></span> <span class='ocrx_word' id='word_1_49' title='bbox 1168 642 1238 680; x_wconf 88' lang='lat' dir='ltr'><strong>sed</strong></span> <span class='ocrx_word' id='word_1_50' title='bbox 1260 643 1533 688; x_wconf 77' lang='lat' dir='ltr'>Occidentem</span> 
     </span>
     <span class='ocr_line' id='line_1_8' title="bbox 137 708 1529 761; baseline 0.004 -15"><span class='ocrx_word' id='word_1_51' title='bbox 137 723 300 760; x_wconf 86' lang='lat' dir='ltr'><strong>quoque</strong></span> <span class='ocrx_word' id='word_1_52' title='bbox 336 716 569 748; x_wconf 81' lang='lat' dir='ltr'><strong>extremum</strong></span> <span class='ocrx_word' id='word_1_53' title='bbox 603 715 759 761; x_wconf 86' lang='lat' dir='ltr'><strong>petent.</strong></span> <span class='ocrx_word' id='word_1_54' title='bbox 819 708 882 745; x_wconf 76' lang='lat' dir='ltr'><strong>Cf.</strong></span> <span class='ocrx_word' id='word_1_55' title='bbox 922 709 1065 746; x_wconf 82' lang='lat' dir='ltr'>Horat.</span> <span class='ocrx_word' id='word_1_56' title='bbox 1099 709 1231 761; x_wconf 84' lang='lat' dir='ltr'><strong>Epist.</strong></span> <span class='ocrx_word' id='word_1_57' title='bbox 1251 711 1283 759; x_wconf 99' lang='grc' dir='ltr'><strong>Ι,</strong></span> <span class='ocrx_word' id='word_1_58' title='bbox 1313 725 1345 760; x_wconf 86' lang='grc'><strong>1,</strong></span> <span class='ocrx_word' id='word_1_59' title='bbox 1370 715 1434 752; x_wconf 75' lang='lat'><strong>45.</strong></span> <span class='ocrx_word' id='word_1_60' title='bbox 1462 717 1529 754; x_wconf 82' lang='lat'><strong>46.</strong></span> 
     </span>
     <span class='ocr_line' id='line_1_9' title="bbox 139 774 1530 836; baseline 0.006 -24"><span class='ocrx_word' id='word_1_61' title='bbox 139 775 419 826; x_wconf 72' lang='lat' dir='ltr'><em>Carpathium</em></span> <span class='ocrx_word' id='word_1_62' title='bbox 449 791 630 829; x_wconf 80' lang='lat' dir='ltr'><strong>aequor,</strong></span> <span class='ocrx_word' id='word_1_63' title='bbox 673 791 696 813; x_wconf 86' lang='lat' dir='ltr'><strong>a</strong></span> <span class='ocrx_word' id='word_1_64' title='bbox 734 774 940 827; x_wconf 76' lang='lat' dir='ltr'>Carpatho</span> <span class='ocrx_word' id='word_1_65' title='bbox 973 776 1073 825; x_wconf 87' lang='lat' dir='ltr'><strong>ins.,</strong></span> <span class='ocrx_word' id='word_1_66' title='bbox 1112 778 1244 825; x_wconf 84' lang='lat' dir='ltr'><strong>(nunc</strong></span> <span class='ocrx_word' id='word_1_67' title='bbox 1276 778 1530 836; x_wconf 72' lang='lat' dir='ltr'><strong>Sem-panto)</strong></span> 
     </span>
     <span class='ocr_line' id='line_1_10' title="bbox 137 842 1533 901; baseline 0.007 -22"><span class='ocrx_word' id='word_1_68' title='bbox 137 842 249 880; x_wconf 86' lang='lat' dir='ltr'><strong>inter</strong></span> <span class='ocrx_word' id='word_1_69' title='bbox 274 842 466 883; x_wconf 83' lang='lat' dir='ltr'><strong>Rhodum</strong></span> <span class='ocrx_word' id='word_1_70' title='bbox 489 845 566 882; x_wconf 85' lang='lat' dir='ltr'><strong>sita</strong></span> <span class='ocrx_word' id='word_1_71' title='bbox 585 851 627 882; x_wconf 84' lang='lat' dir='ltr'><strong>et</strong></span> <span class='ocrx_word' id='word_1_72' title='bbox 650 844 838 891; x_wconf 67' lang='lat' dir='ltr'><strong>Cretam,</strong></span> <span class='ocrx_word' id='word_1_73' title='bbox 868 843 1024 882; x_wconf 82' lang='lat' dir='ltr'><strong>dictum</strong></span> <span class='ocrx_word' id='word_1_74' title='bbox 1053 851 1091 882; x_wconf 87' lang='lat' dir='ltr'><strong>et</strong></span> <span class='ocrx_word' id='word_1_75' title='bbox 1112 859 1203 883; x_wconf 89' lang='lat' dir='ltr'><strong>cum</strong></span> <span class='ocrx_word' id='word_1_76' title='bbox 1228 846 1390 886; x_wconf 87' lang='lat' dir='ltr'><strong>delectu</strong></span> <span class='ocrx_word' id='word_1_77' title='bbox 1414 851 1533 901; x_wconf 84' lang='lat' dir='ltr'><strong>posi-</strong></span> 
     </span>
     <span class='ocr_line' id='line_1_11' title="bbox 136 912 1533 971; baseline 0.007 -24"><span class='ocrx_word' id='word_1_78' title='bbox 136 915 250 958; x_wconf 72' lang='lat' dir='ltr'><strong>tum,</strong></span> <span class='ocrx_word' id='word_1_79' title='bbox 278 913 469 962; x_wconf 85' lang='lat' dir='ltr'><strong>quoniam</strong></span> <span class='ocrx_word' id='word_1_80' title='bbox 495 917 538 949; x_wconf 89' lang='lat' dir='ltr'><strong>et</strong></span> <span class='ocrx_word' id='word_1_81' title='bbox 563 912 841 964; x_wconf 80' lang='lat' dir='ltr'><strong>periculosum</strong></span> <span class='ocrx_word' id='word_1_82' title='bbox 867 917 948 958; x_wconf 68' lang='lat' dir='ltr'><strong>ost,</strong></span> <span class='ocrx_word' id='word_1_83' title='bbox 978 918 1019 948; x_wconf 88' lang='lat' dir='ltr'><strong>et</strong></span> <span class='ocrx_word' id='word_1_84' title='bbox 1041 914 1334 953; x_wconf 84' lang='lat' dir='ltr'><strong>transeundum</strong></span> <span class='ocrx_word' id='word_1_85' title='bbox 1358 918 1429 966; x_wconf 90' lang='lat' dir='ltr'><strong>iis,</strong></span> <span class='ocrx_word' id='word_1_86' title='bbox 1460 919 1533 971; x_wconf 82' lang='lat' dir='ltr'><strong>qui</strong></span> 
     </span>
     <span class='ocr_line' id='line_1_12' title="bbox 137 976 1532 1031; baseline 0.007 -17"><span class='ocrx_word' id='word_1_87' title='bbox 137 976 376 1028; x_wconf 81' lang='lat' dir='ltr'>Bithyniam</span> <span class='ocrx_word' id='word_1_88' title='bbox 402 986 573 1031; x_wconf 71' lang='lat' dir='ltr'><strong>petimt,</strong></span> <span class='ocrx_word' id='word_1_89' title='bbox 604 993 685 1031; x_wconf 85' lang='lat' dir='ltr'><strong>quo</strong></span> <span class='ocrx_word' id='word_1_90' title='bbox 709 979 950 1030; x_wconf 85' lang='lat' dir='ltr'><strong>frequenter</strong></span> <span class='ocrx_word' id='word_1_91' title='bbox 979 982 1262 1019; x_wconf 85' lang='lat' dir='ltr'>commeabant</span> <span class='ocrx_word' id='word_1_92' title='bbox 1280 992 1532 1024; x_wconf 86' lang='lat' dir='ltr'><strong>mercatores</strong></span> 
     </span>
     <span class='ocr_line' id='line_1_13' title="bbox 122 1043 1528 1102; baseline 0.007 -20"><span class='ocrx_word' id='word_1_93' title='bbox 122 1043 323 1084; x_wconf 70' lang='lat' dir='ltr'><strong>Romani.</strong></span> <span class='ocrx_word' id='word_1_94' title='bbox 350 1046 414 1084; x_wconf 88' lang='lat' dir='ltr'><strong>Cs.</strong></span> <span class='ocrx_word' id='word_1_95' title='bbox 430 1046 659 1084; x_wconf 84' lang='lat' dir='ltr'><strong>Mitscherl.</strong></span> <span class='ocrx_word' id='word_1_96' title='bbox 683 1046 733 1084; x_wconf 85' lang='lat' dir='ltr'><strong>ad</strong></span> <span class='ocrx_word' id='word_1_97' title='bbox 748 1047 892 1084; x_wconf 79' lang='lat' dir='ltr'><strong>Horat.</strong></span> <span class='ocrx_word' id='word_1_98' title='bbox 911 1046 988 1084; x_wconf 84' lang='lat' dir='ltr'><strong>Od.</strong></span> <span class='ocrx_word' id='word_1_99' title='bbox 1012 1047 1044 1095; x_wconf 88' lang='lat' dir='ltr'><strong>I,</strong></span> <span class='ocrx_word' id='word_1_100' title='bbox 1069 1049 1135 1097; x_wconf 82' lang='lat'><strong>35,</strong></span> <span class='ocrx_word' id='word_1_101' title='bbox 1151 1061 1186 1098; x_wconf 89' lang='lat'><strong>7.</strong></span> <span class='ocrx_word' id='word_1_102' title='bbox 1214 1052 1250 1087; x_wconf 89' lang='lat'><strong>8.</strong></span> <span class='ocrx_word' id='word_1_103' title='bbox 1273 1057 1313 1088; x_wconf 88' lang='lat' dir='ltr'><strong>et</strong></span> <span class='ocrx_word' id='word_1_104' title='bbox 1334 1051 1410 1101; x_wconf 92' lang='lat' dir='ltr'><strong>III,</strong></span> <span class='ocrx_word' id='word_1_105' title='bbox 1437 1066 1473 1102; x_wconf 92' lang='lat'><strong>7,</strong></span> <span class='ocrx_word' id='word_1_106' title='bbox 1490 1055 1528 1092; x_wconf 84' lang='lat'><strong>3.</strong></span> 
     </span>
     <span class='ocr_line' id='line_1_14' title="bbox 134 1113 1528 1166; baseline 0.008 -16"><span class='ocrx_word' id='word_1_107' title='bbox 134 1113 315 1151; x_wconf 78' lang='lat' dir='ltr'><strong>Gaetula</strong></span> <span class='ocrx_word' id='word_1_108' title='bbox 338 1129 542 1166; x_wconf 79' lang='lat' dir='ltr'><strong>aequora,</strong></span> <span class='ocrx_word' id='word_1_109' title='bbox 574 1114 742 1165; x_wconf 85' lang='lat' dir='ltr'><strong>Libyca.</strong></span> <span class='ocrx_word' id='word_1_110' title='bbox 801 1114 934 1164; x_wconf 67' lang='lat' dir='ltr'><strong>Libya</strong></span> <span class='ocrx_word' id='word_1_111' title='bbox 960 1127 988 1152; x_wconf 77' lang='lat' dir='ltr'><strong>s,</strong></span> <span class='ocrx_word' id='word_1_112' title='bbox 1016 1116 1162 1154; x_wconf 80' lang='lat' dir='ltr'><strong>Africa</strong></span> <span class='ocrx_word' id='word_1_113' title='bbox 1186 1116 1385 1158; x_wconf 85' lang='lat' dir='ltr'><strong>horreum</strong></span> <span class='ocrx_word' id='word_1_114' title='bbox 1407 1120 1528 1161; x_wconf 88' lang='lat' dir='ltr'><strong>Rom.</strong></span> 
     </span>
     <span class='ocr_line' id='line_1_15' title="bbox 124 1181 1531 1237; baseline 0.009 -20"><span class='ocrx_word' id='word_1_115' title='bbox 124 1181 290 1232; x_wconf 78' lang='lat' dir='ltr'><strong>populi.</strong></span> <span class='ocrx_word' id='word_1_116' title='bbox 342 1193 436 1233; x_wconf 83' lang='lat'><strong>279.</strong></span> <span class='ocrx_word' id='word_1_117' title='bbox 463 1183 658 1233; x_wconf 77' lang='lat' dir='ltr'><em>Aequora</em></span> <span class='ocrx_word' id='word_1_118' title='bbox 678 1182 920 1228; x_wconf 66' lang='lat' dir='ltr'><strong>trans-szsliet,</strong></span> <span class='ocrx_word' id='word_1_119' title='bbox 953 1183 1142 1232; x_wconf 87' lang='lat' dir='ltr'><strong>traiiciet,</strong></span> <span class='ocrx_word' id='word_1_120' title='bbox 1172 1191 1214 1222; x_wconf 87' lang='lat' dir='ltr'><strong>et</strong></span> <span class='ocrx_word' id='word_1_121' title='bbox 1240 1187 1405 1237; x_wconf 85' lang='lat' dir='ltr'><strong>quidem</strong></span> <span class='ocrx_word' id='word_1_122' title='bbox 1434 1203 1531 1229; x_wconf 89' lang='lat' dir='ltr'><strong>cum</strong></span> 
     </span>
     <span class='ocr_line' id='line_1_16' title="bbox 125 1248 1529 1305; baseline 0.007 -20"><span class='ocrx_word' id='word_1_123' title='bbox 125 1261 294 1286; x_wconf 79' lang='lat' dir='ltr'><strong>-summa</strong></span> <span class='ocrx_word' id='word_1_124' title='bbox 315 1250 547 1288; x_wconf 83' lang='lat' dir='ltr'><strong>temeritate</strong></span> <span class='ocrx_word' id='word_1_125' title='bbox 570 1255 693 1301; x_wconf 84' lang='lat' dir='ltr'><strong>atque</strong></span> <span class='ocrx_word' id='word_1_126' title='bbox 718 1248 906 1296; x_wconf 81' lang='lat' dir='ltr'><strong>audacia,</strong></span> <span class='ocrx_word' id='word_1_127' title='bbox 933 1249 1030 1299; x_wconf 89' lang='lat' dir='ltr'><strong>ipsis</strong></span> <span class='ocrx_word' id='word_1_128' title='bbox 1053 1256 1224 1291; x_wconf 86' lang='lat' dir='ltr'><strong>naturae</strong></span> <span class='ocrx_word' id='word_1_129' title='bbox 1254 1254 1412 1305; x_wconf 84' lang='lat' dir='ltr'><strong>legibus</strong></span> <span class='ocrx_word' id='word_1_130' title='bbox 1429 1258 1529 1297; x_wconf 89' lang='lat' dir='ltr'><strong>illu-</strong></span> 
     </span>
     <span class='ocr_line' id='line_1_17' title="bbox 136 1314 1530 1375; baseline 0.006 -22"><span class='ocrx_word' id='word_1_131' title='bbox 136 1314 274 1360; x_wconf 85' lang='lat' dir='ltr'><strong>dente,</strong></span> <span class='ocrx_word' id='word_1_132' title='bbox 302 1323 348 1354; x_wconf 90' lang='lat' dir='ltr'><strong>ut</strong></span> <span class='ocrx_word' id='word_1_133' title='bbox 366 1331 426 1369; x_wconf 86' lang='lat' dir='ltr'><strong>ap.</strong></span> <span class='ocrx_word' id='word_1_134' title='bbox 451 1317 553 1354; x_wconf 88' lang='lat' dir='ltr'><strong>Hor.</strong></span> <span class='ocrx_word' id='word_1_135' title='bbox 578 1316 655 1354; x_wconf 90' lang='lat' dir='ltr'><strong>Od.</strong></span> <span class='ocrx_word' id='word_1_136' title='bbox 684 1317 714 1365; x_wconf 88' lang='grc' dir='ltr'><strong>Ι,</strong></span> <span class='ocrx_word' id='word_1_137' title='bbox 732 1317 775 1364; x_wconf 68' lang='grc'><strong>’5,</strong></span> <span class='ocrx_word' id='word_1_138' title='bbox 802 1317 867 1353; x_wconf 74' lang='lat'><strong>24.</strong></span> <span class='ocrx_word' id='word_1_139' title='bbox 894 1322 934 1353; x_wconf 90' lang='lat' dir='ltr'><strong>et</strong></span> <span class='ocrx_word' id='word_1_140' title='bbox 955 1317 1025 1354; x_wconf 85' lang='lat' dir='ltr'><strong>Sil.</strong></span> <span class='ocrx_word' id='word_1_141' title='bbox 1047 1318 1121 1368; x_wconf 94' lang='lat' dir='ltr'><strong>IV,</strong></span> <span class='ocrx_word' id='word_1_142' title='bbox 1152 1331 1215 1369; x_wconf 88' lang='lat'><strong>71.</strong></span> <span class='ocrx_word' id='word_1_143' title='bbox 1268 1323 1421 1375; x_wconf 75' lang='lat' dir='ltr'><strong>Calpe,</strong></span> <span class='ocrx_word' id='word_1_144' title='bbox 1445 1326 1530 1364; x_wconf 88' lang='lat' dir='ltr'><strong>Hi·-</strong></span> 
     </span>
     <span class='ocr_line' id='line_1_18' title="bbox 135 1384 1529 1442; baseline 0.006 -22"><span class='ocrx_word' id='word_1_145' title='bbox 135 1384 301 1435; x_wconf 78' lang='lat' dir='ltr'><strong>spaniae</strong></span> <span class='ocrx_word' id='word_1_146' title='bbox 333 1385 523 1423; x_wconf 83' lang='lat' dir='ltr'><strong>Baeticae</strong></span> <span class='ocrx_word' id='word_1_147' title='bbox 556 1390 763 1436; x_wconf 86' lang='lat' dir='ltr'><strong>promont.</strong></span> <span class='ocrx_word' id='word_1_148' title='bbox 809 1384 1068 1432; x_wconf 60' lang='lat' dir='ltr'><strong>(Gibraltar)</strong></span> <span class='ocrx_word' id='word_1_149' title='bbox 1097 1387 1158 1424; x_wconf 81' lang='lat' dir='ltr'><strong>acl</strong></span> <span class='ocrx_word' id='word_1_150' title='bbox 1180 1393 1394 1442; x_wconf 76' lang='lat' dir='ltr'><em>gurgitem</em></span> <span class='ocrx_word' id='word_1_151' title='bbox 1421 1392 1461 1431; x_wconf 87' lang='lat' dir='ltr'><strong>h.</strong></span> <span class='ocrx_word' id='word_1_152' title='bbox 1495 1408 1529 1432; x_wconf 82' lang='lat' dir='ltr'><strong>e.</strong></span> 
     </span>
     <span class='ocr_line' id='line_1_19' title="bbox 133 1451 1532 1511; baseline 0.004 -22"><span class='ocrx_word' id='word_1_153' title='bbox 133 1451 289 1490; x_wconf 83' lang='lat' dir='ltr'><strong>fretum</strong></span> <span class='ocrx_word' id='word_1_154' title='bbox 316 1453 571 1490; x_wconf 68' lang='lat' dir='ltr'><strong>Herculeum</strong></span> <span class='ocrx_word' id='word_1_155' title='bbox 591 1466 620 1489; x_wconf 86' lang='lat' dir='ltr'><strong>s.</strong></span> <span class='ocrx_word' id='word_1_156' title='bbox 644 1451 920 1500; x_wconf 85' lang='lat' dir='ltr'><strong>Gaditanum,</strong></span> <span class='ocrx_word' id='word_1_157' title='bbox 951 1453 1038 1497; x_wconf 69' lang='lat' dir='ltr'><strong>(dle</strong></span> <span class='ocrx_word' id='word_1_158' title='bbox 1066 1454 1245 1502; x_wconf 74' lang='lat' dir='ltr'><strong>Strasse)</strong></span> <span class='ocrx_word' id='word_1_159' title='bbox 1270 1458 1314 1496; x_wconf 88' lang='lat' dir='ltr'><strong>in</strong></span> <span class='ocrx_word' id='word_1_160' title='bbox 1337 1460 1446 1511; x_wconf 83' lang='lat' dir='ltr'><strong>quod</strong></span> <span class='ocrx_word' id='word_1_161' title='bbox 1468 1461 1532 1499; x_wconf 85' lang='lat' dir='ltr'><strong>sol</strong></span> 
     </span>
     <span class='ocr_line' id='line_1_20' title="bbox 122 1516 1532 1573; baseline 0.008 -17"><span class='ocrx_word' id='word_1_162' title='bbox 122 1521 347 1570; x_wconf 27' lang='lat' dir='ltr'><strong>*mergitum</strong></span> <span class='ocrx_word' id='word_1_163' title='bbox 374 1516 413 1541; x_wconf 75' lang='lat'><strong>³4</strong></span> <span class='ocrx_word' id='word_1_164' title='bbox 439 1543 489 1550; x_wconf 86' lang='lat'>—</span> <span class='ocrx_word' id='word_1_165' title='bbox 549 1520 644 1557; x_wconf 83' lang='lat'><strong>280.</strong></span> <span class='ocrx_word' id='word_1_166' title='bbox 670 1518 808 1556; x_wconf 86' lang='lat' dir='ltr'><strong>Solem</strong></span> <span class='ocrx_word' id='word_1_167' title='bbox 841 1518 962 1556; x_wconf 85' lang='lat' dir='ltr'><strong>undis</strong></span> <span class='ocrx_word' id='word_1_168' title='bbox 1003 1533 1047 1558; x_wconf 89' lang='lat' dir='ltr'><strong>se</strong></span> <span class='ocrx_word' id='word_1_169' title='bbox 1087 1530 1364 1573; x_wconf 85' lang='lat' dir='ltr'><strong>mergentem,</strong></span> <span class='ocrx_word' id='word_1_170' title='bbox 1401 1527 1532 1567; x_wconf 82' lang='lat' dir='ltr'><strong>instar</strong></span> 
     </span>
     <span class='ocr_line' id='line_1_21' title="bbox 132 1586 1529 1645; baseline 0.007 -21"><span class='ocrx_word' id='word_1_171' title='bbox 132 1586 345 1625; x_wconf 70' lang='lat' dir='ltr'><strong>candentis</strong></span> <span class='ocrx_word' id='word_1_172' title='bbox 375 1587 480 1639; x_wconf 69' lang='lat' dir='ltr'><strong>ferri</strong></span> <span class='ocrx_word' id='word_1_173' title='bbox 508 1599 610 1638; x_wconf 82' lang='lat' dir='ltr'><strong>aqua</strong></span> <span class='ocrx_word' id='word_1_174' title='bbox 636 1586 778 1635; x_wconf 86' lang='lat' dir='ltr'><strong>tincti,</strong></span> <span class='ocrx_word' id='word_1_175' title='bbox 826 1588 1043 1624; x_wconf 74' lang='lat' dir='ltr'><strong>stridorem</strong></span> <span class='ocrx_word' id='word_1_176' title='bbox 1087 1589 1352 1643; x_wconf 88' lang='lat' dir='ltr'><strong>sonitumque</strong></span> <span class='ocrx_word' id='word_1_177' title='bbox 1392 1594 1529 1645; x_wconf 88' lang='lat' dir='ltr'><strong>edere,</strong></span> 
     </span>
     <span class='ocr_line' id='line_1_22' title="bbox 130 1653 1528 1714; baseline 0.006 -22"><span class='ocrx_word' id='word_1_178' title='bbox 130 1661 278 1707; x_wconf 84' lang='lat' dir='ltr'><strong>poetae</strong></span> <span class='ocrx_word' id='word_1_179' title='bbox 299 1656 449 1705; x_wconf 80' lang='lat' dir='ltr'><strong>passim</strong></span> <span class='ocrx_word' id='word_1_180' title='bbox 468 1653 651 1705; x_wconf 85' lang='lat' dir='ltr'><strong>fingunt,</strong></span> <span class='ocrx_word' id='word_1_181' title='bbox 679 1653 871 1705; x_wconf 87' lang='lat' dir='ltr'><strong>idemque</strong></span> <span class='ocrx_word' id='word_1_182' title='bbox 889 1653 988 1692; x_wconf 88' lang='lat' dir='ltr'><strong>olim</strong></span> <span class='ocrx_word' id='word_1_183' title='bbox 1010 1660 1052 1692; x_wconf 90' lang='lat' dir='ltr'><strong>ct</strong></span> <span class='ocrx_word' id='word_1_184' title='bbox 1073 1655 1186 1695; x_wconf 83' lang='lat' dir='ltr'><strong>Iberi</strong></span> <span class='ocrx_word' id='word_1_185' title='bbox 1211 1664 1254 1695; x_wconf 89' lang='lat' dir='ltr'><strong>et</strong></span> <span class='ocrx_word' id='word_1_186' title='bbox 1275 1659 1528 1714; x_wconf 87' lang='lat' dir='ltr'><strong>philosophi,</strong></span> 
     </span>
     <span class='ocr_line' id='line_1_23' title="bbox 123 1721 1527 1783; baseline 0.006 -24"><span class='ocrx_word' id='word_1_187' title='bbox 123 1735 174 1760; x_wconf 56' lang='grc' dir='ltr'><strong>τ.</strong></span> <span class='ocrx_word' id='word_1_188' title='bbox 201 1736 235 1759; x_wconf 90' lang='lat' dir='ltr'><strong>c.</strong></span> <span class='ocrx_word' id='word_1_189' title='bbox 274 1721 480 1773; x_wconf 86' lang='lat' dir='ltr'><strong>Epicurus</strong></span> <span class='ocrx_word' id='word_1_190' title='bbox 515 1727 558 1758; x_wconf 88' lang='lat' dir='ltr'><strong>et</strong></span> <span class='ocrx_word' id='word_1_191' title='bbox 590 1721 858 1767; x_wconf 82' lang='lat' dir='ltr'><strong>Posidonius,</strong></span> <span class='ocrx_word' id='word_1_192' title='bbox 898 1721 1132 1760; x_wconf 80' lang='lat' dir='ltr'><strong>credebant.</strong></span> <span class='ocrx_word' id='word_1_193' title='bbox 1153 1721 1188 1745; x_wconf 78' lang='lat'><strong>³⁵</strong></span> <span class='ocrx_word' id='word_1_194' title='bbox 1210 1746 1266 1752; x_wconf 90' lang='lat'>—</span> <span class='ocrx_word' id='word_1_195' title='bbox 1323 1730 1402 1781; x_wconf 63' lang='lat'><strong>281</strong></span> <span class='ocrx_word' id='word_1_196' title='bbox 1442 1743 1527 1783; x_wconf 85' lang='lat' dir='ltr'><strong>seq.</strong></span> 
     </span>
     <span class='ocr_line' id='line_1_24' title="bbox 134 1788 1527 1842; baseline 0.006 -16"><span class='ocrx_word' id='word_1_197' title='bbox 134 1789 339 1827; x_wconf 77' lang='lat' dir='ltr'><strong>Sarcasmi</strong></span> <span class='ocrx_word' id='word_1_198' title='bbox 368 1789 454 1826; x_wconf 71' lang='lat' dir='ltr'><strong>vim</strong></span> <span class='ocrx_word' id='word_1_199' title='bbox 487 1788 608 1825; x_wconf 86' lang='lat' dir='ltr'><strong>facile</strong></span> <span class='ocrx_word' id='word_1_200' title='bbox 640 1789 803 1825; x_wconf 86' lang='lat' dir='ltr'><strong>senties.</strong></span> <span class='ocrx_word' id='word_1_201' title='bbox 857 1788 960 1839; x_wconf 83' lang='lat' dir='ltr'><strong>folle</strong></span> <span class='ocrx_word' id='word_1_202' title='bbox 991 1796 1103 1827; x_wconf 82' lang='lat' dir='ltr'><strong>tenso</strong></span> <span class='ocrx_word' id='word_1_203' title='bbox 1134 1797 1174 1829; x_wconf 84' lang='lat' dir='ltr'><strong>et</strong></span> <span class='ocrx_word' id='word_1_204' title='bbox 1205 1794 1325 1831; x_wconf 77' lang='lat' dir='ltr'><strong>alata</strong></span> <span class='ocrx_word' id='word_1_205' title='bbox 1347 1798 1527 1842; x_wconf 79' lang='lat' dir='ltr'><strong>tumida,</strong></span> 
     </span>
     <span class='ocr_line' id='line_1_25' title="bbox 134 1855 1530 1915; baseline 0.002 -17"><span class='ocrx_word' id='word_1_206' title='bbox 134 1857 363 1909; x_wconf 75' lang='grc' dir='ltr'>βαλαντίῳ,</span> <span class='ocrx_word' id='word_1_207' title='bbox 394 1869 511 1893; x_wconf 82' lang='lat' dir='ltr'><strong>sacco</strong></span> <span class='ocrx_word' id='word_1_208' title='bbox 537 1855 692 1905; x_wconf 68' lang='lat' dir='ltr'><strong>argenti</strong></span> <span class='ocrx_word' id='word_1_209' title='bbox 715 1855 855 1907; x_wconf 80' lang='lat' dir='ltr'><strong>plene,</strong></span> <span class='ocrx_word' id='word_1_210' title='bbox 884 1858 1060 1894; x_wconf 85' lang='lat' dir='ltr'><strong>nummis</strong></span> <span class='ocrx_word' id='word_1_211' title='bbox 1086 1857 1265 1898; x_wconf 84' lang='lat' dir='ltr'><strong>distento</strong></span> <span class='ocrx_word' id='word_1_212' title='bbox 1292 1869 1331 1899; x_wconf 85' lang='lat' dir='ltr'><strong>et</strong></span> <span class='ocrx_word' id='word_1_213' title='bbox 1354 1869 1530 1915; x_wconf 79' lang='lat' dir='ltr'><strong>turgen-</strong></span> 
     </span>
     <span class='ocr_line' id='line_1_26' title="bbox 130 1922 1531 1978; baseline 0.001 -16"><span class='ocrx_word' id='word_1_214' title='bbox 130 1931 187 1973; x_wconf 85' lang='lat' dir='ltr'><strong>te,</strong></span> <span class='ocrx_word' id='word_1_215' title='bbox 217 1925 346 1962; x_wconf 82' lang='lat' dir='ltr'><strong>instar</strong></span> <span class='ocrx_word' id='word_1_216' title='bbox 370 1923 482 1961; x_wconf 87' lang='lat' dir='ltr'><strong>sollis</strong></span> <span class='ocrx_word' id='word_1_217' title='bbox 504 1929 630 1961; x_wconf 80' lang='lat' dir='ltr'><strong>vento</strong></span> <span class='ocrx_word' id='word_1_218' title='bbox 652 1923 812 1974; x_wconf 84' lang='lat' dir='ltr'><strong>repleti.</strong></span> <span class='ocrx_word' id='word_1_219' title='bbox 850 1922 913 1960; x_wconf 88' lang='lat' dir='ltr'><strong>Cf.</strong></span> <span class='ocrx_word' id='word_1_220' title='bbox 929 1923 979 1962; x_wconf 84' lang='lat' dir='ltr'><strong>ad</strong></span> <span class='ocrx_word' id='word_1_221' title='bbox 997 1925 1089 1974; x_wconf 85' lang='lat' dir='ltr'><strong>VH,</strong></span> <span class='ocrx_word' id='word_1_222' title='bbox 1109 1938 1196 1978; x_wconf 84' lang='lat'><strong>192.</strong></span> <span class='ocrx_word' id='word_1_223' title='bbox 1222 1929 1531 1978; x_wconf 80' lang='lat' dir='ltr'><strong>etX1H‚61.-.</strong></span> 
     </span>
     <span class='ocr_line' id='line_1_27' title="bbox 131 1990 1529 2047; baseline 0.006 -17"><span class='ocrx_word' id='word_1_224' title='bbox 131 1992 227 2030; x_wconf 83' lang='lat'><strong>283.</strong></span> <span class='ocrx_word' id='word_1_225' title='bbox 256 1992 416 2029; x_wconf 77' lang='lat' dir='ltr'><strong>Oceani</strong></span> <span class='ocrx_word' id='word_1_226' title='bbox 435 2000 617 2029; x_wconf 80' lang='lat' dir='ltr'><strong>monstra</strong></span> <span class='ocrx_word' id='word_1_227' title='bbox 649 1990 830 2028; x_wconf 87' lang='lat' dir='ltr'><strong>marinae</strong></span> <span class='ocrx_word' id='word_1_228' title='bbox 862 1990 1043 2047; x_wconf 81' lang='lat' dir='ltr'><strong>belluae,</strong></span> <span class='ocrx_word' id='word_1_229' title='bbox 1084 2007 1187 2045; x_wconf 86' lang='lat' dir='ltr'><strong>quae</strong></span> <span class='ocrx_word' id='word_1_230' title='bbox 1210 2009 1415 2036; x_wconf 87' lang='lat' dir='ltr'><strong>summum</strong></span> <span class='ocrx_word' id='word_1_231' title='bbox 1439 2013 1529 2038; x_wconf 82' lang='lat' dir='ltr'><strong>ma·-</strong></span> 
     </span>
     <span class='ocr_line' id='line_1_28' title="bbox 132 2058 1527 2111; baseline 0.003 -13"><span class='ocrx_word' id='word_1_232' title='bbox 132 2059 191 2098; x_wconf 85' lang='lat' dir='ltr'><strong>ris</strong></span> <span class='ocrx_word' id='word_1_233' title='bbox 218 2065 367 2111; x_wconf 83' lang='lat' dir='ltr'><strong>petunt</strong></span> <span class='ocrx_word' id='word_1_234' title='bbox 402 2065 642 2110; x_wconf 84' lang='lat' dir='ltr'><strong>tempestate</strong></span> <span class='ocrx_word' id='word_1_235' title='bbox 676 2058 928 2096; x_wconf 86' lang='lat' dir='ltr'><strong>imminente.</strong></span> <span class='ocrx_word' id='word_1_236' title='bbox 960 2059 1023 2098; x_wconf 84' lang='lat' dir='ltr'><strong>Cf.</strong></span> <span class='ocrx_word' id='word_1_237' title='bbox 1053 2061 1283 2102; x_wconf 81' lang='lat' dir='ltr'><strong>Mitscherl.</strong></span> <span class='ocrx_word' id='word_1_238' title='bbox 1305 2065 1355 2102; x_wconf 85' lang='lat' dir='ltr'><strong>ad</strong></span> <span class='ocrx_word' id='word_1_239' title='bbox 1377 2067 1527 2106; x_wconf 82' lang='lat' dir='ltr'><strong>Horat.</strong></span> 
     </span>
     <span class='ocr_line' id='line_1_29' title="bbox 136 2126 1524 2176; baseline 0.006 -12"><span class='ocrx_word' id='word_1_240' title='bbox 136 2126 215 2165; x_wconf 89' lang='lat' dir='ltr'><strong>Od.</strong></span> <span class='ocrx_word' id='word_1_241' title='bbox 243 2127 275 2176; x_wconf 90' lang='lat' dir='ltr'><strong>I,</strong></span> <span class='ocrx_word' id='word_1_242' title='bbox 296 2128 334 2176; x_wconf 87' lang='lat'><strong>3,</strong></span> <span class='ocrx_word' id='word_1_243' title='bbox 365 2128 424 2165; x_wconf 87' lang='lat'><strong>18.</strong></span> <span class='ocrx_word' id='word_1_244' title='bbox 465 2130 633 2164; x_wconf 67' lang='lat' dir='ltr'><strong>iuvenes</strong></span> <span class='ocrx_word' id='word_1_245' title='bbox 662 2129 868 2171; x_wconf 74' lang='lat' dir='ltr'><strong>marinos,</strong></span> <span class='ocrx_word' id='word_1_246' title='bbox 909 2128 1101 2166; x_wconf 83' lang='lat' dir='ltr'><strong>Tritonas</strong></span> <span class='ocrx_word' id='word_1_247' title='bbox 1130 2136 1170 2167; x_wconf 86' lang='lat' dir='ltr'><strong>et</strong></span> <span class='ocrx_word' id='word_1_248' title='bbox 1192 2130 1402 2171; x_wconf 65' lang='lat' dir='ltr'><strong>Nereidas.</strong></span> <span class='ocrx_word' id='word_1_249' title='bbox 1468 2136 1524 2173; x_wconf 73' lang='lat' dir='ltr'><strong>Ut</strong></span> 
     </span>
     <span class='ocr_line' id='line_1_30' title="bbox 134 2195 1524 2247; baseline 0.006 -15"><span class='ocrx_word' id='word_1_250' title='bbox 134 2197 230 2247; x_wconf 74' lang='lat' dir='ltr'><strong>quis</strong></span> <span class='ocrx_word' id='word_1_251' title='bbox 249 2209 270 2232; x_wconf 84' lang='lat' dir='ltr'><strong>e</strong></span> <span class='ocrx_word' id='word_1_252' title='bbox 296 2195 525 2247; x_wconf 76' lang='lat' dir='ltr'><strong>longinquo</strong></span> <span class='ocrx_word' id='word_1_253' title='bbox 550 2203 776 2239; x_wconf 73' lang='lat' dir='ltr'><strong>reverterat,</strong></span> <span class='ocrx_word' id='word_1_254' title='bbox 810 2196 1018 2232; x_wconf 76' lang='lat' dir='ltr'><strong>miracula</strong></span> <span class='ocrx_word' id='word_1_255' title='bbox 1041 2198 1288 2243; x_wconf 81' lang='lat' dir='ltr'><strong>narrabant,</strong></span> <span class='ocrx_word' id='word_1_256' title='bbox 1319 2203 1406 2238; x_wconf 75' lang='lat' dir='ltr'><strong>vim</strong></span> <span class='ocrx_word' id='word_1_257' title='bbox 1431 2211 1524 2240; x_wconf 80' lang='lat' dir='ltr'><strong>tur-</strong></span> 
     </span>
     <span class='ocr_line' id='line_1_31' title="bbox 133 2262 1527 2322; baseline 0.005 -22"><span class='ocrx_word' id='word_1_258' title='bbox 133 2263 278 2300; x_wconf 82' lang='lat' dir='ltr'><strong>binum</strong></span> <span class='ocrx_word' id='word_1_259' title='bbox 310 2270 348 2300; x_wconf 82' lang='lat' dir='ltr'><strong>et</strong></span> <span class='ocrx_word' id='word_1_260' title='bbox 382 2263 604 2300; x_wconf 76' lang='lat' dir='ltr'><strong>inauditas</strong></span> <span class='ocrx_word' id='word_1_261' title='bbox 634 2262 846 2306; x_wconf 70' lang='lat' dir='ltr'><strong>volucres,</strong></span> <span class='ocrx_word' id='word_1_262' title='bbox 886 2272 1068 2301; x_wconf 74' lang='lat' dir='ltr'><strong>monstra</strong></span> <span class='ocrx_word' id='word_1_263' title='bbox 1105 2268 1258 2315; x_wconf 75' lang='lat' dir='ltr'><strong>maris,</strong></span> <span class='ocrx_word' id='word_1_264' title='bbox 1302 2269 1527 2322; x_wconf 70' lang='lat' dir='ltr'><strong>ambiguas·</strong></span> 
     </span>
     <span class='ocr_line' id='line_1_32' title="bbox 133 2329 1361 2382; baseline 0.004 -14"><span class='ocrx_word' id='word_1_265' title='bbox 133 2329 348 2368; x_wconf 74' lang='lat' dir='ltr'><strong>hominum</strong></span> <span class='ocrx_word' id='word_1_266' title='bbox 373 2339 411 2367; x_wconf 78' lang='lat' dir='ltr'><strong>et</strong></span> <span class='ocrx_word' id='word_1_267' title='bbox 437 2330 667 2368; x_wconf 78' lang='lat' dir='ltr'><strong>belluarum</strong></span> <span class='ocrx_word' id='word_1_268' title='bbox 678 2331 869 2381; x_wconf 64' lang='lat' dir='ltr'><strong>forma-3,</strong></span> <span class='ocrx_word' id='word_1_269' title='bbox 909 2330 1005 2369; x_wconf 80' lang='lat' dir='ltr'><strong>Tac.</strong></span> <span class='ocrx_word' id='word_1_270' title='bbox 1025 2332 1134 2371; x_wconf 85' lang='lat' dir='ltr'><strong>Ann.</strong></span> <span class='ocrx_word' id='word_1_271' title='bbox 1154 2334 1209 2382; x_wconf 95' lang='grc' dir='ltr'><strong>ΙΙ,</strong></span> <span class='ocrx_word' id='word_1_272' title='bbox 1232 2337 1298 2372; x_wconf 69' lang='lat'><strong>24.</strong></span> <span class='ocrx_word' id='word_1_273' title='bbox 1325 2333 1361 2358; x_wconf 81' lang='lat'><strong>³⁶</strong></span> 
     </span>
    </p>
   </div>
   <div class='ocr_carea' id='block_1_3' title="bbox 130 2450 1524 2786">
    <p class='ocr_par' dir='ltr' id='par_1_4' title="bbox 130 2450 1524 2786">
     <span class='ocr_line' id='line_1_33' title="bbox 181 2450 1523 2502; baseline 0.007 -19"><span class='ocrx_word' id='word_1_274' title='bbox 181 2450 238 2484; x_wconf 83' lang='grc'><strong>54.</strong></span> <span class='ocrx_word' id='word_1_275' title='bbox 272 2450 377 2485; x_wconf 88' lang='lat' dir='ltr'><strong>Couf.</strong></span> <span class='ocrx_word' id='word_1_276' title='bbox 412 2451 455 2483; x_wconf 85' lang='lat' dir='ltr'><strong>ad</strong></span> <span class='ocrx_word' id='word_1_277' title='bbox 487 2451 552 2484; x_wconf 82' lang='lat' dir='ltr'><strong>Sil.</strong></span> <span class='ocrx_word' id='word_1_278' title='bbox 585 2452 614 2492; x_wconf 90' lang='grc' dir='ltr'><strong>Ι,</strong></span> <span class='ocrx_word' id='word_1_279' title='bbox 647 2450 702 2484; x_wconf 82' lang='lat'><strong>141</strong></span> <span class='ocrx_word' id='word_1_280' title='bbox 725 2463 799 2496; x_wconf 84' lang='lat' dir='ltr'><strong>seq.</strong></span> <span class='ocrx_word' id='word_1_281' title='bbox 902 2451 957 2485; x_wconf 75' lang='lat'><strong>56.</strong></span> <span class='ocrx_word' id='word_1_282' title='bbox 982 2454 1038 2487; x_wconf 88' lang='lat' dir='ltr'><strong>Cf.</strong></span> <span class='ocrx_word' id='word_1_283' title='bbox 1067 2454 1232 2488; x_wconf 85' lang='lat' dir='ltr'><strong>Hard.ad</strong></span> <span class='ocrx_word' id='word_1_284' title='bbox 1275 2458 1370 2492; x_wconf 81' lang='lat' dir='ltr'><strong>Plin.</strong></span> <span class='ocrx_word' id='word_1_285' title='bbox 1399 2459 1459 2502; x_wconf 86' lang='lat' dir='ltr'><strong>IX,</strong></span> <span class='ocrx_word' id='word_1_286' title='bbox 1489 2459 1523 2497; x_wconf 85' lang='grc'><strong>5.</strong></span> 
     </span>
     <span class='ocr_line' id='line_1_34' title="bbox 133 2508 1524 2554; baseline 0.009 -14"><span class='ocrx_word' id='word_1_287' title='bbox 133 2519 202 2552; x_wconf 86' lang='lat'><strong>209</strong></span> <span class='ocrx_word' id='word_1_288' title='bbox 222 2520 295 2551; x_wconf 83' lang='lat' dir='ltr'><strong>seq.</strong></span> <span class='ocrx_word' id='word_1_289' title='bbox 329 2508 397 2550; x_wconf 88' lang='grc' dir='ltr'>ΙΙΙ,</span> <span class='ocrx_word' id='word_1_290' title='bbox 419 2512 497 2554; x_wconf 71' lang='grc'><strong>599.</strong></span> <span class='ocrx_word' id='word_1_291' title='bbox 518 2518 550 2541; x_wconf 87' lang='lat' dir='ltr'><strong>et</strong></span> <span class='ocrx_word' id='word_1_292' title='bbox 569 2509 627 2551; x_wconf 76' lang='lat' dir='ltr'><strong>VI,</strong></span> <span class='ocrx_word' id='word_1_293' title='bbox 647 2521 660 2542; x_wconf 83' lang='lat'>1</span> <span class='ocrx_word' id='word_1_294' title='bbox 680 2522 750 2553; x_wconf 84' lang='lat' dir='ltr'><strong>seq.</strong></span> <span class='ocrx_word' id='word_1_295' title='bbox 856 2518 890 2542; x_wconf 84' lang='lat' dir='ltr'><strong>et</strong></span> <span class='ocrx_word' id='word_1_296' title='bbox 913 2509 1045 2553; x_wconf 76' lang='lat' dir='ltr'><strong>Scalig.</strong></span> <span class='ocrx_word' id='word_1_297' title='bbox 1069 2512 1212 2547; x_wconf 85' lang='lat' dir='ltr'><strong>comm.</strong></span> <span class='ocrx_word' id='word_1_298' title='bbox 1247 2514 1291 2547; x_wconf 87' lang='lat' dir='ltr'><strong>ad</strong></span> <span class='ocrx_word' id='word_1_299' title='bbox 1316 2515 1462 2552; x_wconf 85' lang='lat' dir='ltr'><strong>Aristot.</strong></span> <span class='ocrx_word' id='word_1_300' title='bbox 1479 2519 1524 2552; x_wconf 82' lang='lat' dir='ltr'><strong>H.</strong></span> 
     </span>
     <span class='ocr_line' id='line_1_35' title="bbox 182 2565 1523 2620; baseline 0.005 -19"><span class='ocrx_word' id='word_1_301' title='bbox 182 2567 241 2601; x_wconf 84' lang='lat'><strong>55.</strong></span> <span class='ocrx_word' id='word_1_302' title='bbox 267 2579 298 2599; x_wconf 86' lang='lat' dir='ltr'><strong>v.</strong></span> <span class='ocrx_word' id='word_1_303' title='bbox 326 2565 510 2599; x_wconf 84' lang='lat' dir='ltr'><strong>Cleomed.</strong></span> <span class='ocrx_word' id='word_1_304' title='bbox 537 2568 585 2608; x_wconf 84' lang='grc' dir='ltr'><strong>Π,</strong></span> <span class='ocrx_word' id='word_1_305' title='bbox 611 2578 640 2599; x_wconf 84' lang='grc'><strong>1.</strong></span> <span class='ocrx_word' id='word_1_306' title='bbox 676 2567 799 2600; x_wconf 87' lang='lat' dir='ltr'><strong>Burm.</strong></span> <span class='ocrx_word' id='word_1_307' title='bbox 853 2568 896 2600; x_wconf 80' lang='lat' dir='ltr'><strong>A.</strong></span> <span class='ocrx_word' id='word_1_308' title='bbox 923 2567 969 2600; x_wconf 89' lang='lat'><strong>11.</strong></span> <span class='ocrx_word' id='word_1_309' title='bbox 989 2580 1024 2611; x_wconf 86' lang='lat' dir='ltr'><strong>p.</strong></span> <span class='ocrx_word' id='word_1_310' title='bbox 1045 2569 1110 2603; x_wconf 75' lang='lat'><strong>252</strong></span> <span class='ocrx_word' id='word_1_311' title='bbox 1134 2582 1207 2613; x_wconf 88' lang='lat' dir='ltr'><strong>seq.</strong></span> <span class='ocrx_word' id='word_1_312' title='bbox 1249 2571 1376 2617; x_wconf 87' lang='lat' dir='ltr'><strong>„Apud</strong></span> <span class='ocrx_word' id='word_1_313' title='bbox 1402 2587 1523 2620; x_wconf 83' lang='lat' dir='ltr'><strong>popu—</strong></span> 
     </span>
     <span class='ocr_line' id='line_1_36' title="bbox 134 2624 1522 2675; baseline 0.008 -19"><span class='ocrx_word' id='word_1_314' title='bbox 134 2624 180 2658; x_wconf 76' lang='lat' dir='ltr'><strong>ad</strong></span> <span class='ocrx_word' id='word_1_315' title='bbox 205 2625 325 2659; x_wconf 80' lang='lat' dir='ltr'><strong>Valer.</strong></span> <span class='ocrx_word' id='word_1_316' title='bbox 355 2625 412 2657; x_wconf 84' lang='lat' dir='ltr'><strong>Fl.</strong></span> <span class='ocrx_word' id='word_1_317' title='bbox 440 2624 485 2666; x_wconf 86' lang='lat' dir='ltr'><strong>II,</strong></span> <span class='ocrx_word' id='word_1_318' title='bbox 508 2624 563 2657; x_wconf 78' lang='grc'><strong>56.</strong></span> <span class='ocrx_word' id='word_1_319' title='bbox 582 2624 639 2668; x_wconf 79' lang='lat'><strong>37.</strong></span> <span class='ocrx_word' id='word_1_320' title='bbox 680 2624 797 2656; x_wconf 84' lang='lat' dir='ltr'><strong>Barth.</strong></span> <span class='ocrx_word' id='word_1_321' title='bbox 855 2627 930 2666; x_wconf 83' lang='lat' dir='ltr'><strong>los,</strong></span> <span class='ocrx_word' id='word_1_322' title='bbox 964 2628 1220 2660; x_wconf 76' lang='lat' dir='ltr'><strong>miraculorum</strong></span> <span class='ocrx_word' id='word_1_323' title='bbox 1257 2640 1447 2675; x_wconf 82' lang='lat' dir='ltr'><strong>amatores,</strong></span> <span class='ocrx_word' id='word_1_324' title='bbox 1483 2643 1522 2666; x_wconf 87' lang='lat' dir='ltr'><strong>ut</strong></span> 
     </span>
     <span class='ocr_line' id='line_1_37' title="bbox 135 2681 1520 2731; baseline 0.006 -17"><span class='ocrx_word' id='word_1_325' title='bbox 135 2682 180 2714; x_wconf 81' lang='lat' dir='ltr'><strong>ad</strong></span> <span class='ocrx_word' id='word_1_326' title='bbox 198 2682 286 2716; x_wconf 76' lang='lat' dir='ltr'><strong>Stat.</strong></span> <span class='ocrx_word' id='word_1_327' title='bbox 309 2682 395 2716; x_wconf 79' lang='lat' dir='ltr'><strong>Silv.</strong></span> <span class='ocrx_word' id='word_1_328' title='bbox 420 2683 469 2723; x_wconf 87' lang='lat' dir='ltr'><strong>II,</strong></span> <span class='ocrx_word' id='word_1_329' title='bbox 489 2693 519 2727; x_wconf 90' lang='lat'><strong>7,</strong></span> <span class='ocrx_word' id='word_1_330' title='bbox 538 2692 594 2726; x_wconf 79' lang='lat'><strong>27.</strong></span> <span class='ocrx_word' id='word_1_331' title='bbox 627 2688 662 2714; x_wconf 88' lang='lat' dir='ltr'><strong>et</strong></span> <span class='ocrx_word' id='word_1_332' title='bbox 682 2681 798 2714; x_wconf 77' lang='lat' dir='ltr'><strong>Theb.</strong></span> <span class='ocrx_word' id='word_1_333' title='bbox 856 2691 955 2715; x_wconf 86' lang='lat' dir='ltr'><strong>erant</strong></span> <span class='ocrx_word' id='word_1_334' title='bbox 983 2682 1109 2717; x_wconf 80' lang='lat' dir='ltr'><strong>Graeci</strong></span> <span class='ocrx_word' id='word_1_335' title='bbox 1135 2685 1376 2731; x_wconf 84' lang='lat' dir='ltr'><strong>Romanique,</strong></span> <span class='ocrx_word' id='word_1_336' title='bbox 1416 2690 1520 2722; x_wconf 81' lang='lat' dir='ltr'><strong>hale-</strong></span> 
     </span>
     <span class='ocr_line' id='line_1_38' title="bbox 130 2739 1522 2786; baseline 0.009 -20"><span class='ocrx_word' id='word_1_337' title='bbox 130 2739 160 2782; x_wconf 76' lang='lat' dir='ltr'><strong>J,</strong></span> <span class='ocrx_word' id='word_1_338' title='bbox 182 2740 257 2775; x_wconf 69' lang='lat'>158-</span> <span class='ocrx_word' id='word_1_339' title='bbox 853 2752 931 2783; x_wconf 81' lang='lat' dir='ltr'><strong>nae,</strong></span> <span class='ocrx_word' id='word_1_340' title='bbox 965 2741 1099 2784; x_wconf 82' lang='lat' dir='ltr'><strong>phocae</strong></span> <span class='ocrx_word' id='word_1_341' title='bbox 1126 2743 1264 2786; x_wconf 74' lang='lat' dir='ltr'><strong>aliaque</strong></span> <span class='ocrx_word' id='word_1_342' title='bbox 1284 2748 1422 2779; x_wconf 80' lang='lat' dir='ltr'><strong>marina</strong></span> <span class='ocrx_word' id='word_1_343' title='bbox 1441 2749 1522 2780; x_wconf 69' lang='lat' dir='ltr'><strong>ani-</strong></span> 
     </span>
    </p>
   </div>
  </div>
 </body>
</html>
