1686 3089
184 135 267 180 586
594 134 1174 177 COMMENTARIVS

183 252 236 291 41
266 265 347 304 seq.
374 251 428 290 al.
449 271 504 281 —
587 254 681 304 298.
711 251 880 288 horrida
910 250 1077 294 domas,
1128 249 1342 301 disciplina
1373 257 1415 290 et
1448 252 1571 290 insti-

181 321 290 358 tutio
315 335 478 367 severa,
504 319 650 356 tetrica
674 331 717 356 ac
738 318 880 365 tristis,
909 317 996 355 sine
1017 317 1130 354 cultu
1161 323 1204 353 et
1226 319 1437 368 elegantia,
1464 333 1568 371 qua-

178 389 230 427 lis
258 385 433 426 veterum
459 387 709 424 Sabinorum
738 384 832 421 suit.
875 397 914 421 v.
949 385 1045 422 Var.
1075 385 1190 422 Lect.
1277 386 1373 423 300.
1405 388 1566 424 vultam

181 446 358 494 modesto
388 455 593 505 sangnine
613 453 870 503 ferventem,
898 450 1095 490 suffusum
1122 453 1272 490 rubore
1291 453 1358 489 vel
1391 453 1564 504 pudore,

182 523 294 576 quod
318 527 381 559 est
411 520 457 562 τό
489 519 631 574 χρῶμα
659 516 730 567 τῆς
769 512 934 568 αἱρετῆς.
1019 520 1111 557 501.
1143 528 1296 557 natura
1327 520 1467 571 larga,
1512 521 1568 559 li—

179 590 350 638 beralis,
377 589 559 637 benigna.
616 584 767 635 Quoad
790 598 949 622 sensnm
974 586 1119 623 melius
1143 588 1257 637 iungi
1291 593 1461 637 possunt
1485 602 1566 624 ηα-

181 666 280 696 τιινα
308 658 491 707 benigna
516 661 555 691 et
581 655 704 705 larga
731 666 870 691 mana.
939 653 1032 691 505.
1065 653 1128 690 Cf.
1155 654 1246 690 Seu.
1270 653 1401 703 Epist.
1426 653 1502 690 XI.
1528 659 1570 692 et

178 725 232 763 de
253 726 316 763 ira
337 724 390 770 II,
408 734 444 759 2.
474 723 620 759 Horat.
637 721 767 772 Epist.
792 719 827 763 1,
857 733 916 766 10,
945 721 1009 756 24.
1025 720 1082 767 1³}-
1113 732 1166 748 ·-
1226 721 1318 758 304.
1347 722 1446 757 Non
1467 722 1566 758 licet

178 806 265 832 esse
293 793 424 833 viris,
466 788 543 835 (ct.
568 789 668 825 Var.
690 786 831 834 Le'ct.)
858 786 1051 823 desinunt
1082 799 1182 825 mox
1208 801 1292 824 esse
1319 788 1420 835 viri3
1470 801 1568 826 nam

180 858 302 914 (quae
330 857 438 896 ratio
464 854 676 907 adiicitur)
712 855 885 892 formosi
908 854 1041 890 solent
1063 853 1289 892 effeminari
1318 860 1357 891 et
1381 855 1450 892 vel
1473 869 1568 892 cor-

179 927 338 977 rumpi,
370 938 399 961 s,
423 924 603 974 stuprari
629 929 669 960 et
690 922 776 974 pati
803 921 1042 968 muliebria,
1069 920 1136 957 vel
1162 921 1355 969 eastrari3
1397 921 1464 958 vel
1489 935 1564 972 pa·-

178 990 282 1032 t‘hici
298 977 477 1030 'fiuntet
499 989 679 1038 cinaedi,
705 989 775 1027 vel-
797 989 1009 1042 spadones.
1080 990 1331 1038 corruptoris
1361 989 1564 1038 improbi-‘-

179 1071 246 1100 tas
256 1088 270 1105 2
302 1057 495 1098 cinaedus
516 1058 737 1108 improbus,
825 1058 919 1095 305.
953 1062 1136 1097 tentare,
1175 1054 1395 1091 sollicitare
1418 1069 1567 1092 mune-

177 1130 314 1176 ribus,
344 1133 391 1166 ut
412 1125 520 1164 filios
545 1138 639 1162 suos
663 1123 872 1174 corrumpi
897 1123 1131 1174 patiantur}
1184 1122 1251 1159 vel
1282 1123 1391 1173 ipsos
1414 1135 1567 1173 parens

175 1202 238 1234 tes
274 1194 392 1232 donis
416 1192 637 1230 sollicitare
664 1190 714 1227 ad
737 1198 936 1241 stuprum.

289 1260 544 1313 306-509,
589 1259 779 1296 Formosi
808 1259 927 1310 pueri
952 1271 996 1295 ac
1022 1256 1191 1293 iuvenes
1225 1256 1293 1294 vel
1325 1264 1566 1295 castrantur·

176 1330 246 1369 vel
267 1331 496 1380 rapiuntur
517 1338 569 1363 se.
598 1325 649 1363 ad
668 1332 854 1377 stuprum
878 1323 940 1376 (ut
959 1338 1104 1374 rapere
1132 1326 1334 1374 virginem
1361 1330 1401 1360 et
1419 1333 1564 1375 rapta,

175 1397 245 1436 vel
263 1402 451 1438 nostrum
473 1392 719 1445 enffiilzren,
759 1406 820 1443 ap.
856 1392 948 1430 Liv.
985 1391 1149 1439 XXVI,
1174 1393 1234 1431 13.
1278 1392 1439 1429 Sallust.
1475 1391 1563 1431 Cat.

177 1467 242 1504 51.
288 1461 410 1501 Ovid.
434 1460 509 1511 Ep.
540 1460 637 1497 Her.
663 1460 783 1502 XVI,
809 1459 901 1505 327.
927 1459 1019 1510 339.
1067 1458 1208 1505 XVII,
1236 1456 1320 1509 22.)
1369 1473 1393 1496 a
1412 1465 1566 1510 poten-

177 1531 377 1576 tioribus,
421 1526 529 1579 quod
552 1540 636 1564 non
660 1523 888 1564 verendum
923 1532 983 1561 est
1013 1524 1278 1562 deformibus.
1340 1528 1563 1573 castravit;

177 1607 218 1637 v.
253 1597 303 1634 ad
338 1595 414 1638 VI,
440 1593 520 1632 368
544 1607 625 1646 seq.
658 1586 714 1623 -“-
799 1593 891 1631 508.
923 1593 1106 1630 Neronis
1133 1591 1388 1643 paederastia
1416 1600 1511 1632 nota
1540 1607 1564 1631 e

177 1667 290 1703 Suet.
326 1677 357 1699 c.
381 1663 449 1699 28.
486 1661 548 1699 al.¹
621 1667 945 1712 praetextatum,
995 1671 1033 1696 v.
1073 1657 1123 1695 ad
1159 1658 1190 1706 I,
1227 1660 1292 1708 78.
1317 1660 1478 1711 Koenig
1513 1661 1564 1699 ad

175 1734 287 1772 Pers.
311 1731 352 1768 V
354 1742 365 1777 ,’
385 1730 449 1767 30.
490 1728 590 1765 haec
626 1725 858 1765 adnotavit:
917 1724 1191 1776 Frequentem
1221 1726 1349 1763 fuisse
1381 1741 1563 1767 amorem

175 1802 221 1839 in
248 1802 540 1850 praetextatos,
564 1796 608 1833 in
630 1794 773 1847 primis
796 1793 869 1830 sub
893 1793 1226 1843 Imperatoribus,
1256 1807 1425 1846 eamque
1447 1801 1562 1833 aeta-

177 1875 263 1907 tem
295 1865 426 1903 omnis
452 1865 610 1912 generis
641 1861 805 1899 libidini
825 1862 1002 1898 maxime
1025 1860 1155 1898 fuisse
1176 1861 1417 1912 expositam,
1459 1875 1562 1900 con-

179 1941 261 1974 stat
282 1947 335 1971 ex
360 1932 444 1969 Cic.
468 1932 510 1967 in
538 1929 642 1967 Phil.
665 1930 719 1976 II,
745 1931 804 1967 18.
838 1929 884 1966 in
901 1928 1019 1965 Catil.
1043 1928 1096 1974 II,
1119 1940 1154 1965 2.
1183 1934 1226 1965 et
1250 1941 1308 1966 1ο.
1338 1929 1564 1981 multisque

178 2003 280 2043 loeis
302 1998 516 2038 'Mattialia
575 1997 812 2048 loripedem,
844 2010 881 2033 v.
902 1994 952 2032 ad
976 1995 1028 2038 II,
1049 1996 1114 2033 23.
1170 1995 1406 2033 Str-comosus
1428 1996 1562 2036 dictus

182 2086 205 2109 a
227 2078 408 2109 struma,
446 2072 607 2103 tumore
631 2064 890 2115 glandulOSO,
919 2064 988 2114 qui
1013 2063 1056 2101 in
1078 2064 1286 2111 lateribus,
1314 2064 1562 2114 inguinibus,

181 2137 252 2177 sed
284 2133 460 2173 maxime
484 2133 525 2170 in
561 2133 722 2170 cervice
756 2132 958 2178 nascitur,
987 2131 1047 2180 (v.
1082 2130 1187 2168 Cels.
1214 2132 1264 2178 V,
1286 2132 1350 2168 28.
1371 2145 1401 2168 s.
1426 2134 1482 2181 7.)
1518 2140 1561 2171 et

181 2204 368 2256 scrosula
396 2214 577 2253 quoque,
610 2201 683 2238 Gr.
715 2194 885 2253 χόιρᾰς,
923 2205 1112 2245 vocatur,
1154 2199 1344 2251 quoniam
1366 2212 1457 2237 sues
1479 2199 1559 2239 hoc

180 2272 322 2312 morbo
346 2268 603 2321 potissimum
626 2267 825 2305 laborant.

292 2341 385 2377 310.
425 2338 448 2377 l
470 2348 604 2379 nune,
635 2341 683 2371 ut
702 2335 776 2381 VI,
802 2333 894 2372 306.
923 2333 994 2370 ubi
1016 2346 1054 2370 v.
1079 2335 1162 2371 not.
1221 2335 1375 2383 specie,
1413 2334 1560 2384 somna,

182 2414 223 2446 et
262 2404 425 2459 quidem
466 2403 618 2455 pulcra.
703 2403 796 2440 512.
837 2401 1041 2438 Publicus
1078 2402 1262 2446 adulter,
1311 2401 1380 2452 qni
1417 2416 1557 2440 omnes

181 2480 288 2513 amat
310 2467 541 2524 appetitque
565 2470 766 2507 matronas
804 2474 845 2506 et
877 2472 926 2509 ab
949 2469 999 2506 iis
1023 2475 1198 2517 amatur3
1243 2474 1294 2507 ut
1314 2469 1405 2507 sere
1438 2473 1556 2507 ιίινε-

181 2556 280 2582 num
302 2540 478 2590 publiea
502 2552 602 2575 eura
638 2524 787 2574 dicitur
806 2526 948 2575 Horat.
973 2536 1051 2574 Od.
1076 2536 1127 2584 II,
1152 2537 1191 2581 8,
1218 2538 1253 2574 8.

293 2609 375 2645 312
390 2607 542 2654 -317.
574 2605 733 2642 Poenae
757 2603 1034 2642 adulterorum
1063 2603 1410 2655 deprehensorum
1432 2604 1557 2654 magis

180 2675 397 2728 permissae
432 2672 669 2711 maritorum
694 2671 762 2711 vel
785 2672 1089 2724 magistratuum
1112 2671 1411 2725 Caesarumque
1443 2670 1557 2715 arbi-n
