1686 3089
192 173 278 226 764
608 175 1175 217 COMMENTARIVS

195 291 262 330 vel
286 292 462 329 Veneris
476 318 490 335 ‚
523 281 674 329 amicae
697 293 805 341 eius,
833 292 901 330 vel
918 291 1087 330 Iunonis
1103 321 1113 340 ,
1148 293 1400 343 genetricis,
1442 292 1583 333 matris*

191 358 336 409 ipsius.
404 359 470 396 De
509 361 714 398 amoribus
746 361 904 396 Matris
943 372 988 396 ac
1022 361 1197 398 Veneris
1235 372 1273 397 v.
1310 359 1360 397 ad
1392 359 1456 408 X,
1485 362 1579 399 313.

189 426 286 463 514.
405 426 440 464 6.
463 430 651 479 genitrix
675 428 820 465 Martis
845 427 973 474 Iuno,
995 422 1015 442 ²
1045 439 1149 478 quae
1186 427 1410 465 delectatur
1435 427 1580 465 Samia

188 508 318 531 arena
335 523 347 541 ,
377 493 418 531 11.
442 508 475 532 e.
504 495 646 544 Samo,
675 494 808 532 insula
829 507 998 530 arenosa
1021 494 1065 531 in
1095 495 1198 532 mari
1232 494 1363 532 Icario
1401 492 1453 531 ad
1480 493 1580 530 litus

186 561 349 609 Ioniae,
393 575 495 613 quae
536 576 644 600 nunc
682 562 851 598 Suessam
885 561 1043 598 Adassi
1075 567 1258 599 vocatur.
1326 561 1394 599 Ex
1422 560 1579 612 antiqui

186 629 389 666 sermonis
411 630 529 679 genio
554 629 625 666 Dii
653 629 741 666 illas
762 633 891 666 terras
917 641 1053 666 amare
1084 634 1126 665 et
1157 629 1338 666 incolere
1367 628 1435 667 vel
1467 633 1581 665 certe

184 697 452 748 frequentare
473 697 691 744 dicuntur,
720 709 824 748 quae
848 695 896 732 iis
919 708 1054 734 sacrae
1079 691 1174 740 sunt
1196 702 1238 733 et
1265 695 1337 734 ubi
1371 694 1581 732 sacrificiis

185 764 432 815 templisque
454 764 657 801 coluntur.
717 763 1043 801 celeberrimum
1057 768 1193 801 autem
1215 763 1389 800 Iunonis
1411 763 1579 800 Samiae

183 838 226 869 et
248 832 450 882 templum
474 837 515 869 et
542 830 693 867 festum
726 830 822 873 suit.
852 827 865 852 ³
979 830 1165 868 Arenam
1193 828 1233 867 h.
1262 831 1288 868 l.
1320 829 1403 867 dici
1431 835 1576 881 putant

182 913 259 952 pro
280 899 413 936 insula
435 912 604 935 arenosa
631 904 670 935 et
692 898 846 946 sterili,
878 898 968 936 coll.
991 897 1127 936 verbis
1162 896 1349 949 Apuleii:
1400 898 1576 935 chtatz'o

183 970 316 1005 omnis
337 975 396 1004 est
425 968 471 1003 in
498 966 661 1003 sarculo
693 974 730 1002 et
759 967 922 1003 surculo
941 993 954 1010 ,
996 978 1168 1017 quorum
1197 973 1402 1015 proventu
1436 966 1576 1016 magis

173 1037 398 1089 fruc-lnosa
433 1042 492 1071 est
532 1034 674 1071 insula
713 1032 896 1080 (Samos)
935 1047 1059 1084 quam
1091 1033 1321 1083 fiwcgifi‘ra.
1389 1031 1471 1069 Sed
1497 1031 1574 1067 Sa·-

177 1117 291 1142 mum
326 1102 567 1152 frugiferam
602 1115 687 1139 esse
723 1100 822 1138 dicit
857 1101 1026 1138 Strabo:
1067 1098 1178 1137 unde
1205 1099 1346 1151 potius
1368 1091 1575 1148 designari

178 1169 428 1208 crediderim
463 1174 614 1206 terram
650 1168 759 1205 Sami
781 1168 1065 1219 ¹argillaceam,
1105 1167 1215 1204 unde
1254 1165 1574 1204 conficiebantur

178 1238 449 1276 celeberrima
470 1236 541 1274 illa
554 1249 649 1275 vasa
672 1235 814 1274 fictilia
839 1241 880 1273 et
900 1241 1042 1284 testae,
1074 1224 1177 1287 quae
1203 1234 1445 1272 durissimae
1459 1239 1574 1273 erant

129 1304 132 1306 ’
176 1312 219 1344 et
241 1305 293 1343 ad
316 1304 535 1343 secandum
557 1318 721 1356 quoque
742 1301 1051 1341 adhibebantur.
1075 1317 1113 1340 v.
1140 1302 1191 1340 ad
1214 1302 1285 1349 VI,
1307 1303 1400 1340 514.

290 1386 325 1424 7.
388 1372 606 1409 Commoda
640 1373 901 1416 communia,
948 1372 1132 1410 omnium
1175 1369 1362 1408 militum.
1420 1365 1570 1410 Malim.

173 1447 315 1480 tamen
344 1454 391 1478 ea
417 1440 672 1489 intelligere,
714 1452 816 1490 quae
857 1440 1054 1477 militibus
1085 1439 1317 1476 communia
1346 1443 1442 1477 sunt
1468 1451 1564 1475 cum

175 1509 337 1560 togatis.
396 1507 490 1544 Huc
529 1512 653 1558 poeta
679 1519 716 1543 V.
751 1507 921 1543 8-34.
951 1506 1109 1554 refert,
1153 1505 1262 1557 quod
1293 1506 1409 1542 miles
1437 1518 1566 1556 aeque

176 1591 222 1615 ac
262 1581 420 1626 togatus
457 1574 646 1625 proprios
681 1571 805 1614 habet
842 1572 1008 1609 iudices.
1085 1571 1249 1609 Deinde
1293 1585 1331 1609 v.
1367 1572 1564 1610 35—60.

174 1642 386 1682 commoda
416 1636 720 1684 memorantur,
753 1653 857 1691 quac
892 1639 988 1676 solis
1023 1639 1222 1677 militibus
1254 1640 1423 1689 propria
1455 1645 1561 1687 sunt,

175 1712 281 1749 citus
324 1708 458 1747 litium
502 1707 662 1755 exitus,
699 1707 762 1744 ius
803 1705 979 1743 testandi
1013 1707 1109 1743 vivo
1138 1711 1280 1756 patre,
1314 1703 1495 1743 honores
1523 1711 1566 1743 et

169 1777 364 1834 Praemia.
489 1777 673 1826 Togata-s
703 1773 803 1811 civis
834 1772 1067 1822 Romanus,
1106 1779 1302 1825 quatenus
1335 1774 1560 1826 opponitur

171 1852 326 1885 armato
347 1845 415 1882 vel
439 1843 581 1890 militi,
625 1841 695 1893 qui
731 1854 824 1891 sago
862 1841 1033 1879 amictus
1073 1846 1156 1888 est,
1196 1854 1280 1878 non
1306 1847 1421 1892 toga,
1459 1855 1561 1894 quae

170 1913 467 1966 impedimento
498 1916 558 1947 est
578 1909 622 1947 in
648 1921 793 1960 pugna.
850 1906 1008 1946 Eodem
1043 1922 1163 1946 sensu
1195 1907 1270 1945 ins.
1307 1920 1344 1945 v.
1377 1909 1440 1946 33.
1472 1908 1560 1959 pa'-

167 1995 309 2035 ganas
339 1979 490 2018 dicitur
520 1977 822 2028 opponiturque
847 1984 1006 2014 armato
1033 1983 1102 2014 aut
1127 1976 1272 2020 militi,
1295 1980 1343 2011 ut
1366 1989 1426 2026 ap.
1452 1975 1557 2013 Plin.

162 2050 246 2100 Ep.
280 2048 372 2096 VH,
406 2046 471 2084 25.
506 2044 561 2090 X,
598 2045 656 2081 18.
691 2044 832 2094 Veget.
866 2044 921 2089 II,
957 2045 1020 2083 23.
1057 2049 1162 2082 extr.
1184 2038 1236 2080 ‘et
1282 2042 1404 2091 alios,
1447 2043 1556 2095 inpr.

169 2116 317 2163 ICtos‚
357 2114 427 2166 qui
457 2111 552 2150 inde
588 2117 874 2150 tes’ramentum
905 2112 1194 2163 peculiumque
1223 2110 1290 2148 vel
1334 2111 1557 2163 paganum

157 2177 258 2233 {esse
278 2173 421 2220 dicunt
433 2207 446 2224 ,
478 2179 544 2216 vel
567 2187 794 2217 eastrense:
820 2181 993 2231 pagani
1020 2180 1128 2216 enim
1151 2178 1318 2230 proprie
1353 2179 1557 2216 vocaban-

168 2256 239 2289 tur
262 2249 419 2297 rustici,
451 2246 596 2298 quibus
618 2245 686 2284 vel
711 2245 847 2283 Numa
867 2245 936 2284 vel
950 2243 1114 2284 Servius
1130 2246 1291 2284 Tullius
1313 2247 1367 2293 (v.
1383 2245 1554 2296 Dionys.

168 2318 260 2356 Hal.
301 2317 333 2354 I.
366 2329 404 2366 p.
437 2315 504 2353 35.
535 2313 590 2351 II.
621 2327 660 2365 p.
703 2314 790 2351 135.
827 2313 900 2350 IV.
921 2327 960 2365 p.
987 2325 1080 2352 220.
1113 2312 1173 2350 ed.
1201 2312 1345 2364 sylb.)
1374 2314 1418 2351 in
1449 2314 1552 2352 locis

158 2383 368 2423 *montanis
390 2383 558 2434 ipsaque
578 2386 724 2418 natura
740 2380 909 2418 munitis
929 2381 1062 2431 prima
1087 2380 1189 2419 secit
1213 2380 1421 2433 perfugia,
1449 2394 1553 2432 quae

215 2506 249 2528 2.
275 2508 306 2527 v.
330 2494 479 2537 Neapol.
493 2491 538 2524 ad
561 2491 666 2524 ovid.
682 2492 773 2524 Fast.
789 2491 834 2533 V,
891 2491 961 2526 div.
1005 2492 1041 2535 I,
1090 2502 1143 2527 17.
1191 2492 1336 2525 Pausan.
1389 2493 1474 2532 VII,
1512 2493 1547 2527 4.

163 2563 254 2596 229.
290 2551 379 2583 Gale
417 2549 461 2581 ad
492 2548 662 2591 Apollod.
688 2549 717 2589 Ι,
743 2550 776 2589 5,
804 2559 833 2581 1.
889 2548 1019 2583 Athen.
1052 2549 1152 2591 XIV,
1180 2561 1235 2584 20.
1260 2549 1342 2590 XV,
1368 2548 1402 2582 4.
1429 2549 1546 2593 Spau-

169 2616 205 2640 et
228 2608 273 2640 ad
296 2607 469 2639 Phurnut.
490 2606 534 2639 N.
558 2606 604 2642 D.
625 2618 658 2638 c.
681 2617 739 2638 21.
889 2606 985 2641 hem.
1018 2607 1064 2639 ad
1095 2608 1238 2640 Gallim.
1262 2608 1308 2639 H.
1331 2608 1367 2639 in
1393 2607 1496 2639 Dian.
1514 2618 1547 2638 v.

215 2666 249 2698 3.
295 2664 350 2698 Cf.
382 2664 484 2705 virg.
515 2662 604 2695 Aen.
633 2664 660 2704 Ι,
694 2661 746 2698 15.
781 2663 833 2697 16.
887 2665 968 2697 228.
1003 2664 1123 2699 Maffei
1159 2676 1254 2708 gem.
1279 2672 1350 2698 ant.
1373 2665 1414 2699 P.
1436 2665 1485 2699 11.
1509 2674 1546 2707 p.

170 2719 342 2754 Herodot.
376 2718 442 2761 ΙΙΙ,
480 2718 537 2751 60.
567 2720 722 2754 Laetam.
746 2722 833 2755 Inst.
892 2721 970 2757 125.
1003 2741 1008 2744 ν
1232 2737 1234 2739 ’
