1686 3089
242 216 324 271 740
628 209 1220 256 COMMENTARIVS
1279 223 1283 246 ³,

244 342 340 369 eum
376 329 514 381 potius
537 328 790 366 nominatum
815 325 1007 376 putabat,
1032 339 1153 378 quam
1177 339 1420 378 quemquam
1445 326 1629 375 aliorunij

245 395 356 449 quod
380 395 516 433 ebrius
538 394 837 433 obdormiverit
863 393 908 430 in
931 398 1042 431 tecto
1067 392 1228 431 aedium
1259 393 1399 431 Circes
1420 400 1462 431 et
1483 393 1632 431 deiude

242 463 380 515 lapsus
419 476 495 514 per
538 461 682 513 gradus
730 460 948 498 interierit.
1075 475 1168 498 eam
1212 461 1440 512 remigibus
1473 463 1631 512 porciS,

244 528 285 568 h.
311 544 344 567 e.
380 530 451 581 qui
470 529 513 566 in
537 541 682 580 porcos
706 529 854 565 mutati
881 533 1008 567 erant.
1122 528 1187 565 23.
1224 529 1326 565 Tam
1355 529 1481 565 vacui
1511 529 1634 578 capi-

244 601 327 642 tis,
371 598 460 634 sine
501 596 696 643 cerebr0‚
752 594 1056 648 (κενεγκρανιον
1092 599 1176 631 vet.
1211 593 1366 639 Schol.)
1404 592 1443 630 h.
1480 607 1513 630 e.
1550 599 1637 632 tam

245 664 420 704 bardum
445 662 761 714 stupidumque,
783 663 989 712 populum
1018 661 1247 705 Phaeaca,
1275 661 1543 709 Phaeacium,
1575 662 1636 707 (v.

245 731 299 770 ad
333 730 454 775 XIV,
487 731 604 778 287.)
637 732 811 779 putavit
861 742 975 772 esse,
1034 733 1083 765 ut
1126 728 1274 766 talibus
1320 728 1467 767 sabulis
1512 728 1638 766 fidem

244 798 447 838 haberet?
533 795 755 834 Phaeacia
781 797 856 833 ins.
881 795 988 833 Ionii
1008 796 1130 833 maris
1155 810 1284 847 prope
1307 796 1502 847 Epirum,
1533 807 1637 846 quae

245 867 369 905 etiam
407 866 581 916 Corcyra
611 871 785 903 vocatur
823 869 866 900 et
896 875 1004 900 nunc
1041 863 1191 914 Corsa:
1223 862 1332 900 unde
1362 876 1462 906 mox
1485 863 1635 911 Corcy-

248 948 348 972 raea
372 947 490 970 urna.
522 930 604 984 (Cf.
628 932 823 980 P11'11.IV,
843 944 903 969 12.
933 945 963 967 s.
993 943 1055 981 19.
1077 929 1218 981 ibique
1242 926 1390 982 Hard.)
1418 929 1636 967 Phaeaces

246 1008 383 1038 autem
417 1014 492 1051 pro
530 999 766 1037 crudelibus
795 1004 838 1036 et
863 998 999 1034 stultis
1027 997 1148 1034 etiam
1171 997 1383 1048 proverbii
1406 997 1497 1034 loco
1521 995 1636 1033 dice-

245 1067 419 1112 bantur3
464 1072 511 1103 ut
542 1072 583 1103 et
616 1079 692 1118 pro
718 1067 793 1110 iis,
835 1066 906 1116 qui
926 1071 1060 1101 cutem
1088 1070 1231 1101 curant
1257 1064 1529 1115 luxuriaeque
1549 1062 1637 1100 dif-

248 1134 404 1181 fluunt,
445 1147 482 1171 v.
518 1147 552 1170 c.
584 1133 730 1170 Horat.
769 1133 897 1183 Epist.
933 1132 965 1180 Ι,
1004 1132 1063 1178 15,
1096 1131 1160 1167 24.
1219 1130 1353 1167 Notus
1380 1130 1639 1182 potissimum

247 1201 412 1238 Alcinoi
445 1201 590 1238 luxus:
631 1200 741 1238 unde
778 1198 915 1251 lepide
950 1211 1049 1235 mox
1071 1204 1245 1250 apteque
1270 1198 1320 1236 de
1341 1199 1427 1236 eius
1452 1197 1638 1235 convivis

244 1280 284 1305 v.
311 1269 376 1305 24.
407 1268 477 1305 Sic
507 1269 666 1319 aliquis
708 1270 850 1305 merito
901 1266 1031 1313 dixit,
1075 1266 1145 1317 qui
1180 1266 1362 1303 nondam
1385 1266 1520 1303 ebrias
1550 1270 1640 1302 erat

246 1341 327 1372 cet.
360 1341 401 1372 et
425 1334 474 1372 de
505 1350 612 1373 urna
640 1341 836 1373 temetum
877 1334 1038 1371 ducere.
1101 1332 1165 1370 Cf.
1189 1333 1239 1370 ad
1260 1346 1297 1370 v.
1327 1333 1375 1371 16
1396 1347 1477 1384 seq.
1561 1334 1639 1369 Te-

247 1411 424 1449 metum,
454 1404 595 1440 vinum
611 1432 621 1450 ,
654 1403 746 1454 quia
770 1402 990 1453 praecipua
1011 1401 1280 1438 temulentiae
1300 1414 1420 1438 causa
1445 1406 1516 1437 est.
1549 1398 1638 1446 (Cf.

247 1467 356 1506 Gell.
376 1470 431 1516 X,
454 1471 518 1506 23.
543 1470 650 1507 Plin.
674 1471 791 1518 XIV,
817 1471 853 1507 3.
882 1475 922 1506 et
943 1469 1122 1519 Festus.)
1184 1470 1402 1505 minimum
1430 1476 1634 1510 temetum,

245 1546 284 1573 v.
312 1535 409 1572 Var.
432 1534 549 1572 Lect.
662 1545 854 1573 temetum
890 1537 1090 1578 duxerat,
1132 1533 1326 1572 hauserat
1364 1535 1432 1572 vel
1469 1535 1641 1580 biberat,

246 1607 296 1640 ut
318 1602 462 1640 ducere
486 1603 645 1652 pocula
676 1615 736 1653 ap.
762 1603 909 1640 Horat.
937 1602 1016 1640 Od.
1043 1602 1073 1649 I,
1103 1613 1167 1649 17,
1201 1613 1265 1638 22.
1299 1601 1390 1648 (ubi
1417 1614 1456 1637 v.
1487 1601 1639 1651 intpp.)

243 1661 324 1708 vel
341 1669 480 1706 Cadus
512 1678 600 1706 erat
625 1671 741 1706 vini:
774 1670 868 1706 inde
899 1670 1069 1719 implevi
1090 1668 1306 1706 hirneam:
1337 1682 1426 1704 eam
1448 1681 1522 1717 ego
1547 1669 1638 1704 ι’ἰηί

247 1736 374 1774 eduxi
403 1738 504 1772 meri
534 1750 594 1787 ap.
632 1736 763 1774 Plaut.
799 1736 1006 1788 Amphitr.
1046 1736 1078 1782 I,
1113 1747 1148 1783 1,
1185 1735 1390 1782 273.271'}.
1421 1734 1567 1784 νέκταρ
1597 1739 1640 1770 et

241 1803 356 1856 μέθυ
399 1797 483 1842 α’πὸ
521 1810 561 1840 et
594 1803 637 1842 ἐκ
674 1802 880 1856 κρητῆρος
919 1799 1125 1855 α’φύσσειν
1152 1804 1222 1841 καὶ
1243 1801 1396 1855 ἐγχεέιν
1422 1797 1642 1842 δεπάεσσιν

247 1874 398 1918 (urnae
429 1868 467 1906 h.
489 1868 514 1906 1.
540 1869 589 1906 de
613 1870 728 1907 euius
751 1884 841 1909 voe.
865 1871 1033 1922 proprio
1055 1868 1283 1920 significatu
1310 1882 1347 1906 v.
1368 1869 1418 1905 ad
1440 1864 1640 1922 VI,426.)

245 1949 307 1989 ap.
340 1937 463 1974 Hom.
503 1936 548 1974 Il.
586 1937 618 1984 Ι,
655 1938 748 1988 598.
780 1944 820 1976 et
851 1938 929 1976 Od.
960 1937 1038 1986 IX,
1063 1951 1100 1989 9.
1129 1956 1183 1966 —
1242 1936 1306 1975 26.
1337 1935 1504 1986 Ulysses
1528 1936 1640 1973 solus

245 2005 368 2042 sociis
397 2004 553 2041 amissis
575 2004 790 2054 naufragio
825 2010 1008 2042 evase-rat
1027 2033 1037 2052 ,
1067 2009 1110 2041 et
1143 2008 1357 2054 postquam
1391 2001 1488 2040 duas
1520 2008 1639 2039 nata-

243 2077 361 2109 verat
394 2076 536 2108 noctes
585 2085 630 2108 ac
663 2071 772 2119 dies,
815 2073 859 2109 in
889 2071 986 2109 litus
1023 2069 1247 2108 Phaeaciae
1294 2069 1447 2107 eiectus
1484 2075 1581 2107 erat.
1604 2083 1642 2107 v.

243 2139 368 2177 Hom.
397 2138 544 2189 Odyss.
574 2139 624 2182 V,
650 2139 730 2176 355
761 2153 843 2191 seq.
904 2138 1100 2182 ΙίΙιαοιιε,
1145 2137 1325 2188 Ulysses.
1363 2151 1403 2175 v.
1438 2137 1488 2173 ad
1520 2137 1641 2181 XIV,

242 2208 337 2255 287.
428 2206 542 2242 nullo
575 2205 648 2242 sub
677 2214 800 2250 teste,
830 2206 918 2242 sine
942 2211 1069 2254 tes1e3
1099 2213 1142 2242 ut
1165 2219 1224 2256 ap.
1248 2204 1370 2242 Ovid.
1395 2205 1495 2243 Met.
1519 2205 1646 2249 XIII,

247 2275 308 2311 14.
353 2274 412 2311 15.
448 2274 536 2310 Sua
576 2281 717 2309 narret?
762 2272 946 2321 L‘lysses,
981 2272 1097 2321 Quae
1125 2274 1214 2308 sine
1241 2281 1339 2310 teste
1364 2274 1490 2324 gerit.
1520 2281 1572 2311 v.'
1591 2272 1642 2310 ad.

240 2341 315 2386 IV,
346 2353 405 2379 12.
468 2340 584 2389 Quae
612 2345 754 2377 contra
779 2352 876 2376 mox
903 2344 1044 2376 narrat
1067 2346 1212 2390 poeta,
1255 2353 1337 2376 non
1373 2340 1508 2377 miuus
1543 2343 1640 2393 qui-

242 2408 334 2445 dem
374 2407 575 2444 miranda
616 2412 756 2455 erant,
798 2405 872 2442 secl
911 2420 1043 2456 nuper
1077 2415 1227 2456 gesta,
1269 2412 1308 2443 et
1330 2408 1458 2444 totius
1482 2408 1639 2458 populi

241 2475 402 2520 scelus5
433 2473 546 2511 unde
568 2475 718 2512 veritas
751 2473 814 2511 rei
847 2473 969 2510 facile
992 2473 1199 2524 explorari
1226 2487 1271 2512 ac
1296 2474 1486 2524 cognosci
1516 2480 1637 2526 pote-

238 2546 313 2578 rat.
428 2541 605 2578 canebat
646 2541 780 2579 facete
822 2539 978 2578 dictum
1015 2541 1182 2578 videtur
1217 2555 1294 2593 pro
1324 2542 1549 2585 narrabat,
1591 2548 1637 2579 ut

236 2605 444 2645 fabulosae
481 2607 747 2659 designentur
778 2609 1056 2656 narrationes,
1105 2608 1242 2660 quales
1265 2608 1398 2647 solent
1421 2622 1505 2646 esse
1533 2621 1635 2660 poe·—

235 2679 368 2711 tarum
385 2704 396 2722 ,
427 2675 498 2725 qui
525 2677 694 2726 proprie
723 2689 871 2714 canere
894 2675 1101 2714 dicuntur.
