1686 3089
429 169 505 210 IN
550 169 787 210 IVVEN.
826 169 970 209 SAT.
1014 172 1086 216 iv.
1371 186 1461 226 171.

66 296 177 321 nune
225 284 314 321 coci
356 284 662 335 triumphorum
704 287 859 337 pretiis
899 294 1111 336 parantur
1158 292 1196 322 et
1236 300 1460 338 coquorum,

55 351 208 400 pisces.
300 352 500 390 28—33.
531 352 665 401 Quam
692 353 819 390 lautas
842 353 970 390 fuisse
988 359 1176 403 putemus
1203 354 1340 404 epulas
1365 356 1463 394 Do-,

59 417 240 466 mitiani,
294 432 420 470 quum
462 433 606 457 scurra
644 421 729 458 eius
775 434 819 458 ac
854 420 1055 471 parasitus
1104 419 1367 468 deglutiverit
1400 432 1460 460 loc

62 488 249 523 sestertia
272 484 311 523 h.
338 500 372 523 e.
412 486 586 525 mullum
619 501 693 525 sex
725 487 906 527 millibus
943 487 1231 524 sestertiorum
1274 490 1459 527 emtum?

62 550 141 598 (cs.
164 565 203 590 v.
234 554 294 591 15.
327 549 407 603 16.)
517 555 694 605 glutisse
717 562 756 593 et
784 569 882 593 mox
919 556 1097 591 ructarit
1122 555 1281 605 egregie
1305 555 1356 592 de
1380 555 1463 593 ho·-

59 618 251 657 minibus.
262 620 437 671 gulosis„
475 621 544 672 qui
578 622 636 658 ita
665 636 707 659 se
741 622 842 660 cibis
872 621 1148 672 ingurgitant,
1196 628 1243 659 ut
1281 629 1463 661 ructent.

61 684 414 736 Endoperatorem
442 675 655 741 α’ρχαὶὶςῶς
680 696 722 727 et
755 690 886 727 facete
917 703 994 740 pro
1033 690 1353 739 Imperatorem,
1398 691 1460 738 (v.

59 752 158 790 Var.
189 754 342 804 Lect.)
369 769 423 794 ex
445 756 572 793 Ennii
606 757 881 808 Lucretiique
912 757 1169 805 imitatione,
1196 763 1238 795 et
1262 759 1457 809 quoniam

59 821 175 870 epica'
196 823 329 873 poesis
349 823 624 861 recentiorem
649 824 896 875 scripturam
918 824 1088 874 respuit.
1208 837 1274 876 29.
1297 834 1356 862 tot
1376 839 1463 862 ses-

60 890 211 932 tertia,
248 889 476 938 ferculum,
516 896 580 927 tot
608 891 806 929 sestertiis
832 898 984 928 emtum
999 920 1010 938 ,
1047 896 1088 928 et
1112 897 1249 930 tamen
1274 906 1357 930 nou
1381 894 1462 932 nisi

60 957 255 1006 exiguam
291 972 439 995 coenae
456 966 646 1008 partem,
689 959 724 996 si
758 972 852 996 cum
885 972 1012 996 coena
1041 958 1239 997 Caesarea
1267 960 1463 998 consera-

62 1027 156 1071 tur,
196 1024 264 1062 vel
289 1025 426 1076 potius
450 1039 622 1068 coenae,
663 1026 793 1076 quatis
824 1025 1006 1076 Crispini
1034 1039 1120 1063 esse
1139 1027 1263 1074 solet,
1301 1041 1346 1065 ac
1373 1034 1463 1066 tum

60 1089 153 1128 suit.
195 1101 375 1131 summm
410 1093 459 1130 de
511 1095 702 1143 margine
741 1107 890 1130 coenae
901 1120 914 1137 ,
966 1093 1169 1132 ferculum
1207 1095 1367 1143 minus,
1416 1096 1460 1134 in

59 1158 266 1208 margine,
293 1172 390 1197 -non
414 1161 565 1208 maius,
607 1161 651 1197 in
674 1159 810 1197 media
834 1173 975 1198 mensa
998 1162 1186 1199 convivis
1212 1162 1456 1212 appositum.

173 1226 375 1265 31—33.
427 1226 492 1264 Cs.
530 1227 579 1264 ad
609 1225 638 1275 1,
672 1227 871 1279 26-29.
1019 1242 1163 1266 scurra
1199 1229 1352 1266 aulicus
1386 1242 1462 1280 pei·

62 1296 313 1332 contemtum
343 1301 516 1332 vocatur
549 1294 774 1344 Crispinus.
897 1299 1044 1346 magni
1067 1297 1259 1346 palatii,
1290 1309 1330 1332 v.
1360 1297 1463 1344 Van

61 1358 180 1397 Lect.
206 1381 260 1390 —
305 1362 371 1398 32.
404 1363 468 1399 33.
514 1361 726 1413 Crispinus
775 1375 828 1398 ex
857 1357 1099 1418 ἰχθυοπώλῃ
1142 1363 1280 1413 Eques
1311 1363 1461 1401 sactus.

55 1429 260 1477 princeps
280 1428 509 1480 Equitum,
552 1442 637 1466 non
681 1429 877 1478 Llagister
914 1428 1016 1480 Eq.‚
1053 1436 1102 1466 ut
1134 1437 1216 1468 vet.
1251 1430 1387 1469 Schol.
1419 1439 1463 1470 et

62 1493 132 1531 alii
154 1494 502 1545 interpretantur,
541 1509 675 1546 neque
714 1496 907 1546 princeps
937 1496 1188 1545 iuventutis,
1226 1496 1265 1534 h.
1294 1511 1327 1535 e.
1353 1498 1461 1536 Cae-

60 1574 149 1610 sar,
190 1558 437 1615 (πρόκρηος
461 1560 536 1611 τῆς
564 1558 742 1608 ἱππάδος
771 1577 830 1613 ap.
855 1563 980 1600 Dion.
1002 1564 1045 1601 in
1067 1564 1171 1602 Exc.
1213 1578 1251 1615 p.
1280 1562 1388 1619 104.)
1415 1572 1464 1612 ut

61 1628 278 1680 Spanhem.
301 1629 351 1667 de
371 1629 438 1666 Pr.
462 1635 503 1666 et
522 1629 613 1667 Usu
634 1630 758 1668 Num.
782 1630 892 1667 Diss.
924 1630 1032 1668 Vffl.
1058 1645 1097 1684 p.
1123 1633 1216 1670 664.
1240 1632 1334 1674 665.
1375 1648 1461 1685 pu-

62 1698 197 1745 tabat,
232 1695 342 1748 (nam
367 1695 417 1734 de
441 1693 655 1748 Crispino,
695 1711 779 1735 non
797 1698 1062 1748 Domitiano,
1094 1700 1132 1737 h.
1157 1701 1182 1737 1.
1212 1714 1346 1739 sermo
1373 1703 1456 1750 est)

62 1764 135 1802 sed
162 1765 232 1816 qui
260 1764 371 1802 inter
392 1764 568 1817 Equites
598 1765 865 1816 praecipuum
898 1767 1080 1804 obtinuit
1114 1768 1252 1805 locum
1281 1776 1458 1820 propter

63 1832 228 1871 divitias
248 1838 291 1870 et
308 1832 478 1882 gratiam
499 1823 727 1870 Domitiani
739 1861 750 1881 ‚
777 1833 844 1870 vel
864 1833 1016 1870 relatus
1041 1835 1151 1872 inter
1177 1836 1334 1886 equites
1357 1837 1460 1873 illu-

63 1908 188 1945 stt-es,
228 1899 281 1937 de
307 1899 452 1950 quibus
474 1913 512 1938 v.
537 1899 587 1938 ad
604 1900 699 1948 VII,
721 1902 785 1951 89.
813 1900 869 1947 X,
892 1902 957 1951 95.
983 1907 1022 1938 et
1058 1901 1108 1938 ad
1135 1903 1234 1939 Tac.
1265 1904 1372 1941 Ann.
1404 1903 1461 1952 H,

66 1969 133 2019 59.
165 1974 209 2005 et
226 1967 304 2015 XI,
337 1967 376 2004 4.
499 1981 656 2018 magna
689 1982 807 2011 aroc-e,
847 1981 962 2005 more
995 1982 1161 2017 eorum,
1201 1972 1272 2022 qui
1300 1986 1460 2011 merces

65 2049 219 2073 venum
249 2033 405 2072 dandas
445 2048 518 2085 per
550 2035 662 2072 vicos
696 2041 841 2073 euntes
881 2035 1122 2074 exclamant.
1163 2037 1226 2075 Cf.
1272 2040 1365 2077 Seu.
1394 2054 1457 2092 ep.

68 2103 134 2141 56.
248 2101 382 2140 Silari
401 2102 534 2153 pisces
566 2101 681 2151 Nili,
722 2104 875 2141 nullius
908 2104 1057 2154 pretii,
1113 2118 1213 2157 quos
1250 2107 1392 2159 inopes
1416 2109 1461 2146 in

63 2173 252 2221 Aegypto
273 2168 486 2207 venditant
496 2184 508 2219 3
538 2171 579 2208 V
580 2177 633 2208 et.
664 2169 798 2208 Schol.
856 2170 920 2208 Cf.
941 2171 991 2209 ad
1016 2173 1134 2221 XIV,
1164 2175 1251 2212 132.
1367 2190 1460 2212 mu—

67 2240 254 2289 nicipes,
294 2237 478 2275 eiusdem
498 2239 714 2289 municipii
742 2245 788 2277 et
818 2239 995 2290 patriae,
1032 2241 1276 2292 Aegyptios,
1313 2249 1359 2279 ut
1381 2256 1459 2280 nos

67 2306 258 2345 dicimus:
294 2307 405 2343 seiae
438 2307 725 2344 Landesleate.
751 2320 790 2344 v.
824 2307 874 2345 ad
909 2322 947 2345 v.
988 2311 1055 2346 24.
1081 2315 1122 2346 et
1148 2309 1198 2346 ad
1217 2310 1336 2358 XIV,
1362 2323 1457 2359 271.

66 2375 152 2413 Alii
171 2373 405 2424 intelligunt
441 2376 596 2426 pisces,
644 2375 714 2426 qui
741 2381 912 2427 propter
944 2376 1146 2414 vilitatem
1183 2391 1268 2414 non
1289 2378 1461 2427 Romae,

69 2441 141 2479 sed
167 2441 208 2478 in
237 2444 483 2493 municipiis
511 2443 760 2481 venduntur.
863 2444 1004 2495 fidem
1025 2444 1073 2480 cle
1093 2458 1222 2482 merc-e
1260 2445 1370 2483 edidi
1405 2461 1460 2485 ex

68 2507 225 2547 emend.
253 2508 302 2546 cl.
326 2509 494 2560 Mauso,
533 2511 647 2548 cuius
669 2516 768 2550 nota
789 2517 874 2549 est:
911 2513 1082 2560 „Pisces
1105 2512 1311 2564 fricti,
1350 2515 1460 2565 Api-

69 2577 156 2614 cius
184 2577 320 2629 inquit
340 2577 372 2626 I,
402 2590 485 2629 11.,
527 2587 573 2617 ut
605 2580 682 2617 dizo
712 2579 878 2627 durent,
932 2579 1070 2616 eodem
1099 2589 1319 2627 momento,
1377 2596 1458 2633 qao

67 2645 288 2696 frigantur
309 2654 349 2683 et
379 2646 595 2692 levantur,
634 2656 749 2686 aceto
776 2648 913 2686 calido
931 2648 1269 2699 peoefzcnduntur,
1311 2654 1352 2686 et
1377 2649 1459 2686 Li-

77 2718 211 2754 sterus
243 2713 295 2753 ad
327 2712 368 2752 h.
395 2714 422 2753 1.
451 2714 634 2766 „Pisces2
661 2717 837 2767 sci-ibit,
890 2729 944 2755 ex
965 2716 1159 2757 frictione
1180 2716 1311 2756 multo
1335 2717 1459 2756 citius
