1686 3089
474 145 550 190 IN
597 146 837 190 IVVEN.
871 144 1015 185 ΕΔΤ.
1048 148 1162 192 VIII.
1443 151 1520 202 471

139 269 220 303 tate
253 262 322 303 vel
350 262 570 311 civilitate,
609 276 711 315 quae
736 263 982 303 conveniens
1009 264 1061 301 sit
1087 262 1188 311 civi,
1224 277 1302 315 qua
1333 263 1434 302 civis
1457 265 1522 314 sit,

141 337 183 369 et
216 344 319 383 quae
346 331 458 368 Suet.
492 332 576 369 Tit.
599 332 636 369 8.
658 333 942 383 popularitas,
969 331 1132 370 Platoni
1153 327 1344 381 πολιτική
1379 339 1420 369 et
1443 333 1522 371 Se·-

135 411 261 436 necae
291 400 397 436 iuris
430 399 572 437 civilis
605 400 843 451 aequalitas
870 398 1038 437 dicatur.
1097 396 1161 435 Cf.
1195 398 1344 436 Faberi
1375 400 1520 451 Progr.

136 463 187 503 de
207 479 328 504 sensu
348 468 567 504 communi.
594 466 719 518 Ansp.
761 467 878 517 1774.
918 473 958 504 et
977 465 1109 503 Bentl.
1139 464 1189 502 ad
1212 465 1356 503 Horat.
1380 466 1460 504 Sat.
1483 465 1520 511 I,

137 534 177 581 3,
201 533 268 572 66.
306 532 473 571 Ernesti
507 535 551 572 in
585 521 693 572 ⁷clav.
725 534 810 572 Cic.
849 547 1009 572 sensum
1040 546 1290 571 communem
1328 533 1521 572 Ciceroni

133 607 275 638 monet
298 601 380 639 dici
400 601 626 639 naturalem
649 601 886 640 facultatem
917 600 1191 651 intelligendi,
1235 599 1443 638 iudicandi
1467 607 1522 648 et,

134 668 246 719 quod
267 669 420 707 bonum
442 675 684 722 rectumque
706 669 770 717 sit,
799 667 1086 720 cognoscendi.
1145 667 1227 708 Sed
1249 667 1444 718 Spalding
1468 666 1521 704 ad

137 735 313 784 Quintil.
356 736 454 774 Inst.
489 736 562 774 Or.
586 738 617 785 Ι,
643 750 681 785 2,
709 748 773 776 20.
806 737 999 783 (Sensum
1034 737 1196 786 ipsum,
1234 737 1308 786 qai
1338 748 1521 772 commu·-

133 804 201 839 m's
225 803 406 847 dieitur,
448 804 521 841 nbi
545 807 640 856 quis
664 805 814 852 discet,
855 818 983 856 quum
1006 816 1046 840 se
1085 817 1111 840 a
1147 816 1392 854 congressu,
1445 804 1522 854 qai

134 884 217 908 non
246 871 484 910 hominibus
509 873 665 921 solum,
697 872 771 909 secl
799 873 924 908 mutis
959 884 1116 922 quoque
1148 871 1408 909 animalibus
1438 885 1522 909 ηα-

131 939 283 976 taralis
318 948 403 983 est,
455 941 752 991 segregaritP)
797 939 915 977 docte
951 939 1007 976 ita
1044 939 1247 990 disputat:
1292 938 1393 983 „Ex
1436 936 1518 976 hoc

134 1006 243 1057 quod
283 1007 502 1044 subiicitur
535 1012 628 1058 post
670 1020 811 1044 sensas
860 1006 1131 1050 vocabulum,
1190 1011 1358 1058 apparet
1393 1006 1521 1056 vulgo

130 1073 190 1111 i-ta
225 1074 466 1125 appellatam
502 1075 629 1113 fuisse
662 1075 765 1112 hanc
801 1074 927 1112 animi
963 1074 1217 1123 facultatem5
1288 1071 1421 1125 quod,
1473 1075 1522 1111 111

131 1141 276 1189 fallor,
326 1148 458 1179 aetate
480 1142 654 1193 Augusti
688 1141 854 1180 demum
878 1141 970 1180 fieri
1004 1142 1159 1194 coepit,
1207 1140 1401 1179 Ciceroni
1434 1155 1521 1180 uon

131 1208 233 1246 adeo
264 1210 471 1247 usitatum.
555 1209 680 1261 Apud
710 1208 821 1247 hunc
862 1210 970 1246 enim
1007 1210 1106 1246 licet
1142 1209 1238 1246 satis
1275 1208 1522 1261 frequenter

130 1291 294 1315 sensam
324 1291 576 1315 communem
606 1277 735 1329 legas,
783 1276 1019 1328 adiungitur
1042 1277 1132 1315 sere
1156 1290 1317 1328 semper
1350 1275 1521 1329 aliquid,

134 1345 244 1382 unde
263 1359 341 1397 pro
367 1346 483 1382 vario
514 1359 627 1382 nexu
657 1344 945 1396 disputationis
972 1347 1124 1383 variam
1158 1344 1361 1381 locutioni
1390 1344 1521 1395 signi-

131 1414 333 1451 cationem
363 1413 531 1451 tribuas.
605 1412 656 1450 Id
691 1418 828 1450 tamen
861 1426 938 1463 per
975 1413 1112 1451 onmia
1145 1412 1232 1449 eius
1268 1411 1359 1449 loca
1399 1409 1454 1465 (v.
1483 1425 1520 1450 c.

130 1481 266 1518 Plane.
289 1480 358 1518 -13.
392 1480 454 1519 14.
483 1479 534 1517 ‹le
557 1479 630 1517 Or.
657 1480 688 1528 Ι,
712 1481 750 1518 3.
781 1480 837 1528 II,
865 1479 950 1529 16.)
994 1480 1214 1517 observare
1234 1479 1353 1527 licet,
1392 1479 1521 1516 intel-

128 1547 200 1598 ligi
222 1547 286 1596 id,
325 1547 435 1599 quod
457 1561 597 1586 omnes
624 1546 810 1585 homines
832 1547 1032 1595 sentiant,
1069 1542 1143 1594 τοῖς
1171 1542 1314 1593 κοινοῖς
1341 1545 1520 1593 ἐννοίας’,

127 1615 215 1654 sive
245 1615 290 1654 in
319 1615 494 1654 veritate
516 1629 657 1654 rerum
685 1614 923 1663 iudicanda,
965 1614 1054 1653 sive
1073 1615 1118 1651 in
1140 1613 1364 1652 honestate.
1421 1613 1522 1653 Non

126 1683 255 1734 igitur
278 1683 448 1734 proprie
475 1683 628 1722 dicitur
663 1697 686 1720 a
705 1681 790 1720 Cic.
820 1696 964 1720 sensas
1000 1683 1253 1728 communae,
1303 1688 1349 1719 ut
1369 1696 1443 1733 per
1475 1695 1521 1720 so

128 1751 258 1802 possit
282 1755 324 1788 et
344 1750 490 1788 debeat
522 1750 719 1801 intelligi,
759 1749 832 1787 sed
863 1763 941 1801 pro
975 1763 1022 1787 re
1054 1755 1170 1798 nata;
1231 1755 1272 1786 et
1304 1748 1518 1787 interdum

128 1832 205 1870 pro
228 1832 277 1856 eo
305 1823 367 1855 est
399 1819 626 1855 communis
650 1817 902 1867 prudentia,
946 1817 1114 1867 opinio,
1148 1829 1286 1861 menn
1336 1813 1406 1867 (de
1424 1816 1456 1853 F
1460 1816 1516 1854 in.

130 1886 203 1935 IV,
229 1898 293 1934 27.
324 1884 404 1923 Off.
428 1884 480 1932 ΙΙ,
507 1897 568 1922 lo.
595 1883 647 1921 de
671 1882 746 1921 Or.
770 1882 846 1930 III,
869 1883 956 1934 29.)
1001 1883 1124 1920 etiam
1156 1896 1387 1920 communes
1421 1897 1519 1920 sen-

131 1968 202 1992 sus
225 1953 332 2005 plur.
357 1965 468 1989 num.
489 1950 684 1988 dicuntur
709 1947 778 2002 (de
802 1949 876 1988 Or.
897 1950 972 1999 ΙΙΙ,
995 1952 1059 1989 5ο.
1090 1956 1131 1988 et
1156 1950 1263 2001 inpr.
1285 1949 1447 1988 Cluent.
1463 1949 1522 2002 6.)

130 2022 250 2074 plane
272 2033 348 2071 pro
371 2019 531 2064 κοιναῖς
557 2017 744 2064 ἐννοίαις.
804 2017 1033 2069 Scriptores
1069 2023 1208 2057 tamen
1234 2017 1309 2056 sub
1330 2017 1519 2069 Augusto

132 2101 261 2140 eoque
294 2085 544 2124 recentiores
576 2085 763 2123 absolute
796 2090 1020 2137 usurpant,
1069 2089 1117 2123 ut
1143 2084 1289 2124 Horat.
1311 2085 1394 2123 Sat.
1427 2086 1458 2134 Ι,
1479 2087 1519 2133 3,

135 2156 200 2193 66.
230 2152 402 2192 Phaedr.
421 2151 454 2200 I,
478 2163 514 2201 7.
545 2152 700 2203 Seneca
732 2158 774 2190 et
795 2153 936 2191 Iuveu.
960 2151 1076 2201 VIII,
1101 2153 1164 2202 73.
1217 2167 1339 2204 quem
1380 2153 1520 2193 locum

134 2234 315 2274 nuperus
342 2219 548 2270 interpres
578 2219 684 2257 Gall.
719 2220 919 2259 Dusaulx.
942 2220 1048 2258 bene
1082 2219 1285 2258 reddidit:
1349 2221 1408 2258 Ils
1448 2228 1521 2263 ontg

134 2296 338 2328 rarement
370 2287 406 2324 le
426 2299 529 2323 sens
552 2300 766 2335 commun5
797 2287 868 2340 qui
891 2287 1013 2325 etiam
1043 2287 1088 2326 in
1107 2293 1205 2327 nota
1231 2293 1344 2326 recte
1374 2288 1522 2326 Iovia-ff

134 2357 192 2394 cit
227 2353 625 2393 shaftesburiensem
669 2355 916 2406 cogitantem
950 2367 1044 2393 cum
1079 2354 1217 2393 multis
1252 2354 1303 2392 de
1331 2355 1519 2405 popula-

133 2425 268 2464 ritate.
330 2421 481 2460 Sensus
523 2433 619 2472 ergo
659 2424 886 2460 communis
931 2423 1054 2460 etiam
1082 2421 1150 2460 hic
1182 2429 1244 2460 est
1265 2421 1413 2460 notitia
1447 2435 1522 2459 eo·-

135 2504 253 2538 rum,
305 2502 407 2541 quae
440 2501 559 2526 nosse
597 2494 639 2526 et
675 2489 826 2528 sentire
857 2488 1044 2528 homines
1082 2490 1233 2542 solent;
1286 2488 1519 2540 prudentia,

137 2557 266 2610 qualis
308 2556 354 2594 111
393 2555 536 2608 quovis
565 2554 754 2605 homine,
807 2556 930 2595 modo
967 2557 1078 2595 iuter
1117 2556 1305 2595 homines
1333 2562 1523 2595 'versatus

134 2624 267 2664 fuerit
302 2636 526 2675 eorumque
557 2636 692 2661 mores
715 2629 757 2662 et
780 2623 968 2662 instituta
989 2624 1247 2676 cognoverit,
1289 2625 1523 2675 exspectari

135 2691 302 2743 debeat,
354 2690 428 2743 sed
458 2690 716 2743 potissimum
750 2692 878 2745 qualis
905 2691 950 2732 in
981 2704 1058 2730 usu
1087 2690 1300 2737 hominum
1327 2691 1524 2735 familiari.
