1686 3089
206 140 290 184 614
611 136 1201 180 COMMENTARIVS

206 269 244 303 2,
281 269 312 294 1.
343 257 512 301 (Triste
534 255 807 307 ,supercilium
854 253 1028 304 durique
1066 266 1205 292 severa
1246 255 1415 292 Catonis
1437 255 1589 302 Fron-i)

206 324 369 361 dicitur.
412 344 456 352 —
519 322 555 360 E
597 323 769 360 Seaurc's
809 321 1054 357 clarissimus
1088 321 1145 358 M.
1172 319 1369 359 Aemilius
1404 324 1594 370 Scaurus,

210 391 281 442 qui
308 391 499 443 princeps
538 391 731 435 Senatus,
770 387 926 426 Censor
963 402 996 425 a.
1034 387 1126 425 645.
1156 388 1217 426 bis
1251 388 1402 427 Consul
1435 405 1466 428 a.
1501 390 1595 428 638.

212 464 256 496 et
277 459 370 497 646.
405 464 446 496 et
485 463 628 497 auctor
664 455 762 505 legis
793 455 967 493 cibariae
994 455 1092 499 suit,
1151 461 1192 492 et
1218 454 1431 494 Aemiliam
1454 458 1599 496 stravit

211 524 321 564 viam
354 533 603 578 pontemque
642 523 848 560 Mulvium
880 522 990 560 feeit.
1028 536 1065 560 v.
1098 522 1261 560 Ernesti
1303 524 1403 562 clav.
1444 525 1526 563 Cic.
1555 531 1599 564 et

214 592 328 643 Pigh.
354 594 460 632 Anu.
488 594 536 630 T.
566 590 642 630 III.
668 604 707 642 p.
739 590 827 628 126.
851 611 903 618 -—
959 590 1026 627 De
1057 590 1252 627 Falaris-[0
1282 590 1462 629 Censore
1486 607 1522 629 v.
1548 592 1601 631 acl

210 659 292 707 IX,
321 659 407 699 142.
437 682 490 690 —
548 672 612 711 92.
642 659 756 696 Haec
782 657 934 696 referri
967 663 1139 708 possunt
1172 657 1222 694 nd
1247 671 1458 696 censuram
1482 660 1602 699 Fabii

214 741 260 764 ac
283 728 427 776 Decii,
475 726 524 763 de
559 739 636 777 qua
671 739 708 763 v.
733 726 857 763 verba
884 730 967 763 vet.
991 723 1127 761 Sehol.
1152 738 1239 776 sup.
1274 725 1325 762 ἃᾶ
1355 740 1395 763 v.
1423 739 1488 778 90.
1528 727 1603 765 ad-

212 794 383 845 scripta,
434 800 475 831 et
505 792 549 830 C.
587 792 749 830 Claudii
785 792 961 830 Neronis
995 805 1039 829 ac
1073 792 1130 830 M.
1168 792 1279 830 Livii
1304 793 1541 831 Salinatoris
1564 809 1599 832 a.

213 862 306 912 549.
332 861 382 899 de
410 875 488 914 qua
508 873 545 898 v.
567 860 662 899 Liv.
685 860 853 908 XXIX,
879 860 944 910 37.
975 859 1112 898 Valer.
1150 860 1262 897 Max.
1285 859 1339 908 II,
1363 861 1398 898 4.
1422 868 1462 899 et
1483 861 1600 913 Pigh.

216 928 322 966 Ann.
349 929 397 966 T.
418 929 472 967 II.
496 942 536 980 p.
559 940 651 978 217.

329 1008 380 1057 93
404 1021 484 1058 seq.
515 1005 601 1043 Illis
630 1007 885 1056 temporibus
914 1019 1034 1043 nemo
1073 1006 1272 1043 sollicitus
1307 1006 1388 1044 suit
1421 1007 1470 1044 de
1494 1009 1604 1047 lecto

220 1073 427 1111 testudine
489 1072 727 1110 exornando
777 1071 935 1121 aliaque
989 1072 1254 1121 supellectilis
1312 1074 1611 1122 magnificentia

223 1138 504 1190 comparanda.
563 1139 690 1177 Poeta
714 1152 870 1176 memor
895 1137 933 1174 h.
957 1139 981 1175 l.
1007 1138 1134 1174 fuisse
1170 1138 1338 1176 videtur
1365 1141 1610 1180 nobilissimi

221 1206 271 1244 de
295 1206 483 1243 laudibus
507 1207 616 1244 vitae
641 1207 819 1244 rusticae
848 1205 928 1243 loci
944 1219 1012 1256 ap.
1038 1205 1152 1255 Virg.
1180 1205 1254 1243 Ge.
1278 1207 1330 1253 II,
1356 1208 1434 1244 462
1452 1223 1532 1260 seq.
1550 1231 1608 1241 .-.

219 1274 284 1325 911,
319 1275 383 1325 95.
418 1274 660 1310 Testmlines
711 1281 854 1310 tantae
891 1273 1201 1324 magnitudinis
1251 1274 1441 1311 Indicum
1493 1289 1606 1313 mare

219 1342 393 1385 emittit,
436 1349 482 1378 ut
514 1341 781 1392 singularum
809 1341 1025 1390 superficie
1057 1340 1308 1378 habitabiles
1346 1356 1469 1380 casas
1498 1345 1608 1380 inte-

218 1416 351 1459 gant;
408 1416 531 1459 atque
569 1409 733 1445 insulas
772 1408 908 1445 Rubri
943 1409 1178 1458 praecipue
1215 1411 1345 1445 maris
1386 1408 1452 1446 his
1483 1412 1611 1447 navi-

218 1483 327 1525 gant
354 1476 517 1525 cymbis.
550 1496 605 1503 —
662 1476 713 1511 In
742 1474 974 1511 Phoenicio
1013 1477 1121 1512 mari
1154 1474 1271 1512 haud
1305 1476 1395 1513 ulla
1423 1477 1611 1527 difficul-

221 1550 306 1580 tate
337 1544 566 1592 eapz'untur
589 1547 665 1578 cet.
694 1541 800 1578 Plin.
824 1541 898 1588 IX,
924 1554 982 1578 10.
1009 1554 1038 1578 s.
1068 1554 1126 1578 12.
1175 1541 1442 1580 Testudc'nmn
1470 1552 1606 1593 puta-

222 1611 340 1646 mina
371 1623 509 1646 secare
543 1609 587 1645 in
635 1609 818 1645 laminas
852 1609 1052 1659 lectosque
1082 1617 1119 1644 et
1153 1611 1400 1658 reposiloria
1436 1610 1503 1646 his
1539 1625 1610 1648 νε-

223 1677 322 1713 stire
367 1676 579 1713 Carvilius
612 1675 758 1711 Pollio
796 1677 1003 1719 instituit,
1050 1675 1103 1712 id.
1142 1674 1238 1712 ibid.
1275 1689 1306 1712 c.
1347 1689 1406 1713 11.
1439 1678 1509 1728 qui
1537 1678 1608 1716 lib.

222 1741 432 1789 XXssXIII,
455 1755 492 1793 9.
517 1756 546 1778 s.
572 1743 635 1779 51.
670 1740 816 1788 tradit,
862 1740 1109 1787 Carvilium,
1149 1742 1340 1793 Equitem
1365 1743 1610 1794 Romanum,

222 1810 345 1862 paulo
368 1815 460 1846 ante
487 1809 652 1846 Sullana
672 1814 856 1859 tempora
882 1808 1047 1845 vixisse.
1097 1808 1162 1846 Cf.
1191 1810 1241 1847 de
1263 1809 1536 1848 testudinibus
1563 1825 1609 1849 ac

225 1876 500 1928 supellectile,
551 1875 656 1927 inpr.
692 1875 809 1913 lectis
837 1875 1098 1922 testudineis,
1152 1890 1251 1927 quos
1279 1876 1465 1914 Clemens
1491 1878 1612 1916 Alex.

224 1939 423 1997 χελώναις
473 1942 788 1994 πεποικιλμένας
837 1944 975 1988 κοίτας
1017 1948 1058 1979 et
1096 1943 1303 1980 Lucianus
1345 1945 1483 1990 κλίνας
1527 1939 1616 1985 οἷπᾶ

223 2007 405 2065 χελώνης
428 2005 606 2059 Ἰνδικῆς
634 2011 823 2061 appellat,
848 2010 922 2057 VI,
947 2012 1008 2048 80.
1031 2014 1072 2047 et
1094 2011 1196 2048 Plin.
1223 2011 1266 2048 11.
1289 2025 1345 2048 cc.
1367 2017 1406 2047 et
1426 2011 1614 2060 XXXII,

226 2079 263 2116 4.
283 2073 320 2095 ²¹
378 2078 444 2129 95.
474 2078 734 2130 TroiugeniS,
766 2084 811 2114 ut
834 2091 919 2129 sup.
942 2077 972 2125 I,
1001 2090 1087 2117 100.
1117 2078 1189 2115 ubi
1210 2091 1246 2114 v.
1273 2083 1356 2114 not.
1403 2079 1610 2128 fulcrum,

227 2145 433 2198 spondam.
473 2159 511 2185 v.
543 2159 630 2196 sup.
662 2144 714 2182 acl
748 2145 823 2190 VI,
850 2156 914 2183 22.
956 2144 1077 2182 Lecti
1117 2144 1360 2182 tricliniares
1392 2145 1613 2196 praecipua.

229 2213 493 2265 supellectilis
518 2225 624 2264 pars.
647 2233 703 2240 -—·
789 2212 854 2264 96.
886 2213 994 2249 nudo
1026 2213 1174 2261 latere,
1223 2210 1345 2261 vulgo
1373 2219 1611 2262 exponunt:

227 2281 314 2318 sine
336 2280 493 2328 fulcro,
519 2279 568 2317 ad
592 2279 700 2332 quod
725 2279 1023 2317 discumbentes
1049 2292 1090 2316 se
1116 2278 1332 2325 inclinent3
1368 2278 1437 2315 sed
1461 2281 1615 2317 rectius

229 2346 364 2385 Schol.
392 2361 475 2385 non
511 2354 653 2385 ornata
676 2346 906 2397 (testudine
939 2347 1005 2384 vel
1035 2352 1201 2396 argento
1234 2349 1406 2394 aurove)
1446 2346 1618 2398 sponda.

221 2415 369 2465 frons,
420 2415 601 2452 anterior
631 2428 725 2466 pars
758 2415 856 2452 lecti
881 2420 922 2450 et
947 2414 1066 2450 altior
1099 2412 1148 2449 ad
1174 2418 1317 2464 caput,
1363 2428 1507 2456 aerea,
1550 2414 1613 2452 la-

232 2481 341 2520 mina
371 2482 475 2520 aeris
507 2482 703 2521 obducta:
763 2481 873 2535 quod
907 2482 1073 2518 unicum
1104 2480 1185 2518 suit
1217 2481 1338 2525 lecti,
1387 2488 1426 2520 et
1450 2481 1616 2534 quidem

280 2626 334 2649 21.
363 2615 407 2647 ad
429 2626 517 2658 quae
540 2616 616 2647 loca
645 2627 677 2648 v.
699 2613 808 2648 Hard.
841 2614 897 2647 Cf.
955 2613 1046 2646 dors.
1068 2612 1110 2645 ad
1124 2621 1216 2656 poet.
1236 2613 1296 2646 lat.
1319 2614 1406 2645 min.
1434 2611 1477 2653 Τ.
1493 2613 1556 2648 III.
1575 2624 1613 2659 p.

231 2674 337 2707 etiam
349 2672 437 2706 Seu.
455 2672 537 2706 Ben.
559 2672 685 2717 V11,9.
707 2673 897 2706 etWerns-
955 2670 1039 2704 406.
1067 2678 1101 2703 et
1121 2671 1161 2703 Τ.
1179 2669 1239 2706 lV.
1256 2681 1291 2714 p,
1313 2669 1391 2714 657.
