1686 3089
453 180 534 222 IN
579 167 818 221 1'vaN.
867 176 1004 220 sAT.
1051 175 1105 219 Π.
1425 171 1483 227 75

85 296 171 338 sat.
193 296 243 347 II,
267 298 304 346 3,
326 296 420 349 296.
480 296 677 335 Similiter
697 282 924 347 EuIihron,
966 294 1144 332 comicus
1184 294 1328 344 poeta}
1369 287 1480 333 dixit

85 379 149 418 ap.
189 365 337 403 Athen.
362 365 440 410 IX,
477 365 513 402 6.
551 363 663 413 (24.)
694 378 731 414 p.
770 364 861 414 379.
893 356 1020 404 Οὗτοι
1056 359 1141 414 μετ’
1180 361 1358 406 ἐκείνους
1386 357 1492 408 τούς·

90 430 297 484 σοφιστάς
320 428 414 478 τούς
442 428 571 472 πάλαι
602 427 829 484 Γεγόνασιν
865 424 980 482 ἡμῶν
1010 426 1134 478 ἑπτοέ,
1190 424 1374 480 δεύτεροι
1404 444 1481 470 σο-

89 502 177 553 φοί.
235 501 388 537 Seneca
427 500 540 550 epist.
583 511 670 537 120.
734 498 918 548 Quidam
958 498 1131 535 alternis
1172 498 1368 539 Vatinii,
1408 497 1475 533 al·-

88 570 218 606 ternis
253 568 425 605 Catones
455 575 577 611 sunm
627 572 668 603 et
698 566 777 603 alio
807 566 922 613 loco,
977 565 1104 602 Omne
1138 574 1284 600 aevum
1316 563 1480 600 Clodios

81 636 198 688 firi,
243 634 326 683 (cf.
361 634 435 671 ins.
472 633 546 681 VI,
582 634 707 691 545.)
748 619 821 670 secl
862 647 945 669 non
975 646 1089 669 omne
1119 639 1278 681 tempus
1309 631 1485 668 Catones

86 703 295 753 producit.
327 719 375 731 ι»-
417 716 436 738 e
471 702 580 738 coelo
618 701 792 746 cecidit,
846 701 1040 750 singulari
1074 699 1244 737 deorum
1282 698 1492 737 beneficio’

90 782 137 806 ac
168 769 311 807 favore
351 769 468 806 nobis
508 768 624 806 datus
661 774 732 805 est.
790 770 856 806 De
899 769 1006 805 coelo
1043 769 1200 805 venisse
1231 766 1297 803 vel
1331 767 1483 804 demis-

91 850 181 873 sum
204 836 414 874 dicebatur
435 849 478 873 ac
502 837 722 886 putabatur
743 836 838 873 olim
852 865 862 883 ,
906 834 1189 887 quodcumque
1215 834 1278 871 vel
1313 841 1486 886 repente

91 917 137 941 ac
157 910 318 954 praeter
343 905 523 941 omnium
546 904 781 954 opinionem
807 903 1135 955 conspiciebatur
1155 915 1200 938 ac
1226 901 1485 952 potissimum

91 968 326 1008 hominibus
348 971 650 1022 insperantibus
675 977 715 1009 et
748 972 792 1008 iu
814 985 971 1008 summo
1007 970 1191 1021 periculo
1226 970 1485 1007 versantibus

92 1039 213 1076 saluti
239 1033 345 1086 erat,
381 1045 436 1084 (v.
462 1039 555 1077 Liv.
582 1038 726 1086 XXII,
749 1040 836 1090 29.)
865 1038 932 1075 vel
969 1044 1047 1075 tam
1072 1038 1296 1081 eximium,
1344 1038 1485 1088 singu-

92 1105 177 1143 lare
207 1112 248 1143 et
270 1106 506 1143 admirabile
530 1105 772 1148 videbatur,
815 1111 863 1141 ut
897 1118 1065 1156 prorsus
1098 1104 1285 1141 divinum
1318 1110 1359 1142 et
1389 1119 1413 1143 a
1441 1105 1485 1143 vi

92 1173 229 1224 aliqua
261 1174 472 1224 superiore
508 1173 742 1224 profectum
779 1172 1108 1227 existimaretur:
1166 1169 1248 1219 (cs.
1280 1171 1355 1221 XI,
1390 1174 1488 1222 27.)

93 1240 236 1291 populi
259 1241 388 1289 enim,
428 1240 471 1277 in
493 1253 630 1277 rerum
663 1241 790 1278 causis
810 1239 1051 1290 indagandis
1075 1239 1220 1287 rudeS,
1261 1241 1396 1277 onmia
1417 1241 1487 1278 in—

93 1307 215 1344 solita
241 1313 283 1344 et
307 1321 407 1358 quae
431 1313 597 1358 praeter
631 1314 817 1345 naturam
853 1307 942 1344 fieri
973 1312 1138 1358 putant,
1190 1307 1257 1344 vel
1289 1307 1394 1345 bona
1419 1307 1487 1346 vel

94 1375 222 1422 mala,
262 1374 309 1412 ab
346 1374 580 1411 immediata
616 1373 786 1412 deorum
823 1375 887 1422 vi,
933 1388 1010 1425 ope
1047 1381 1087 1412 ct
1116 1373 1276 1410 influxu
1297 1381 1487 1425 repetere

95 1441 240 1478 solent.
268 1441 518 1479 ·Conscrunt
539 1441 741 1479 Ammian.
774 1441 958 1478 Marcell.
982 1441 1052 1478 lib.
1072 1441 1216 1488 XXII,
1248 1454 1285 1490 2,
1316 1443 1352 1479 4.
1391 1443 1487 1482 Ma-

95 1509 205 1546 crob.
238 1509 376 1546 Sonin.
403 1509 436 1555 I,
461 1522 496 1559 9.
522 1514 563 1544 et
586 1509 736 1545 RIuret.
770 1509 890 1545 Varr.
915 1505 1032 1554 XIII,
1057 1520 1092 1556 7.

214 1576 268 1613 40
295 1589 375 1627 seq.
427 1575 564 1612 Facile
600 1575 723 1612 sentis
756 1576 840 1613 vim
882 1575 1215 1625 interrogatio-nis
1253 1583 1294 1614 et
1329 1582 1487 1616 sarcas-

95 1655 228 1690 mum,
279 1656 358 1694 quo
402 1641 617 1694 hypocrita
661 1643 853 1687 mollitiei
903 1643 1172 1680 convincitur.
1208 1643 1271 1681 Cf.
1308 1646 1487 1684 Martial.

93 1710 215 1759 XIV,
237 1711 299 1761 53).
394 1712 684 1761 opobalsama,
727 1716 946 1760 unguenta.
973 1710 1038 1747 De
1074 1711 1274 1759 balsamo,
1317 1713 1489 1764 opobal-

98 1791 230 1827 samo,
286 1778 566 1829 xylobalsamo
616 1784 658 1815 et
694 1778 997 1829 carpobalsamo
1052 1792 1089 1816 v.
1128 1779 1232 1815 Plin.
1279 1778 1377 1828 XM,
1423 1781 1489 1820 25.

96 1844 256 1883 hirsuto
283 1846 398 1893 collo,
425 1845 478 1882 cs.
508 1859 543 1884 v.
573 1858 616 1885 11
647 1859 727 1898 seq.
841 1845 1037 1884 tabernae
1068 1848 1381 1896 unguentariae,
1418 1847 1493 1891 ubi

98 1914 355 1964 opobalsama
377 1913 523 1951 emisti.
628 1913 691 1952 43.
719 1915 756 1949 si
782 1914 890 1963 leges
912 1920 1126 1957 vexantur,
1153 1913 1363 1952 vexandae
1389 1928 1490 1966 qua—

97 1979 199 2018 siin
227 1994 390 2028 somno,
431 1994 484 2018 ex
514 1994 562 2017 eo
600 1979 838 2017 excitandae
872 1985 987 2027 sunt,
1036 1977 1075 2016 h.
1102 1993 1135 2016 e.
1171 1980 1353 2018 citandae
1384 1982 1491 2019 etin

98 2049 337 2086 memoriam
362 2047 594 2085 hominibus
617 2046 890 2094 revocandae,
928 2053 976 2084 ut
998 2053 1043 2084 tu
1069 2060 1234 2098 ‘semper
1267 2062 1406 2100 crepas
1427 2049 1491 2086 le*

99 2128 193 2166 gem
223 2115 390 2154 Iuliani:
446 2128 538 2152 nam
580 2128 644 2153 eas
687 2115 862 2152 dormire
898 2127 937 2152 v.
968 2115 1032 2163 37.
1071 2114 1233 2153 dixerat
1263 2115 1490 2155 simulator.

99 2183 206 2220 Alii:
251 2183 285 2220 si
302 2183 513 2233 negotium
535 2188 595 2219 est
617 2182 773 2232 legibus
800 2180 1078 2219 exhibendum
1105 2188 1146 2218 et
1176 2182 1210 2221 si
1232 2182 1491 2221 advocandae

100 2256 195 2287 sunt
220 2255 364 2288 contra
384 2250 504 2298 viffia3
547 2250 618 2302 qui
641 2250 748 2288 enim
769 2255 989 2297 vocantur,
1037 2256 1084 2287 ut
1116 2249 1304 2296 veniant,
1359 2251 1408 2286 iis
1430 2250 1491 2289 la-

100 2317 179 2357 bor
200 2318 426 2368 iniungitur
448 2324 489 2355 et
508 2320 652 2355 vexari
675 2316 879 2355 videntur.
995 2316 1188 2353 Scatim'a
1222 2316 1289 2354 vel
1320 2317 1492 2355 Scanti-

103 2387 178 2424 nia
194 2385 266 2422 lex
295 2383 349 2437 (v.
384 2386 480 2423 Var.
515 2386 656 2433 Lect.)
683 2385 728 2422 in
759 2384 901 2422 molles
925 2390 966 2421 et
993 2383 1267 2432 effeminatos,
1320 2387 1391 2435 qui
1416 2397 1493 2422 ne-

102 2453 227 2492 sanda
252 2453 417 2491 Venere
442 2458 681 2500 uterentur,
718 2451 758 2490 h.
785 2466 818 2490 e.
847 2457 916 2489 aut
941 2451 1019 2503 ipsi
1046 2450 1262 2488 muliebria
1296 2456 1494 2503 pateren-

102 2526 174 2558 tur
194 2526 263 2558 aut
293 2520 377 2557 vim
407 2520 545 2571 pueris
580 2519 791 2563 facerent,
834 2520 981 2571 quibus
1013 2531 1185 2570 poenam
1223 2517 1364 2557 decem
1397 2506 1494 2557 mil—¹

105 2587 208 2626 lium
243 2600 504 2625 nummorum
535 2587 698 2632 statuit,
745 2587 827 2624 lata
855 2600 878 2624 a
911 2586 957 2626 P.
990 2585 1199 2623 Scantinio
1230 2585 1351 2622 Pont.
1380 2582 1500 2636 (Liv.x

106 2655 274 2703 XXIII,
300 2658 381 2705 11.)
410 2654 477 2693 vel
501 2667 525 2692 a
545 2654 728 2692 Scatinio
752 2655 845 2692 trib.
869 2654 949 2705 pl.;
990 2666 1084 2691 nam
1105 2666 1128 2690 a
1147 2652 1379 2700 Scantinio,
1423 2653 1494 2703 qui

108 2735 156 2760 ea
191 2722 402 2763 damnatus
428 2723 508 2773 sit,
555 2722 667 2762 illam
696 2735 846 2763 nomen
879 2734 1101 2774 accepisse,
1152 2734 1176 2759 e
1205 2718 1343 2760 Valer.
1380 2718 1496 2758 Max„
