1686 3089
190 225 271 266 242

838 630 932 672 IN

365 740 1158 804 SATIRAM
1312 738 1412 796 VI.

316 1145 331 1170 1
360 1152 411 1161 --
441 1132 502 1170 13.
558 1103 618 1170 In
648 1144 771 1170 aureo
802 1130 952 1175 seculo,
982 1130 1025 1168 in
1052 1143 1131 1181 quo
1155 1128 1352 1166 Saturnus
1373 1142 1450 1167 rex
1470 1129 1584 1168 Latii

202 1202 306 1245 suit,
343 1198 566 1237 Pudicitia
604 1213 694 1237 cum
729 1199 898 1250 reliquis
934 1197 1155 1235 virtutibus
1193 1197 1235 1234 in
1270 1202 1379 1234 terra
1413 1202 1454 1234 et
1475 1197 1586 1234 inter

202 1267 385 1306 homines
414 1272 571 1303 versata
593 1267 788 1304 creditur.
820 1262 834 1282 ¹
949 1265 1073 1302 Credo
1086 1292 1100 1309 2
1134 1263 1184 1302 de
1212 1277 1260 1302 re
1290 1263 1420 1302 adhuc
1449 1264 1583 1302 dubia.

201 1349 317 1387 rege,
356 1338 563 1384 regnante.
595 1355 647 1362 --
677 1334 702 1371 5
732 1347 813 1385 seq.
851 1334 918 1371 De
950 1347 1072 1371 aurea
1106 1337 1236 1370 aetare
1268 1345 1395 1383 pauca
1418 1332 1583 1383 quidem
1631 1335 1633 1345 ²

201 1409 350 1455 poeta,
381 1400 474 1448 sed,
501 1406 549 1438 ut
569 1400 693 1450 solet,
723 1401 870 1441 festive
890 1407 932 1439 et
956 1400 1006 1438 ad
1028 1400 1242 1437 consilium
1260 1412 1379 1437 suum
1399 1405 1492 1451 apte
1518 1399 1584 1436 ‹li-

201 1472 271 1507 cit.
339 1468 490 1505 Animo
528 1473 664 1505 autem
698 1469 908 1521 oculisque
939 1468 1025 1504 eius
1045 1467 1335 1505 obversabatur
1355 1467 1587 1518 praeclarus

200 1537 316 1575 locus
337 1535 505 1572 Lucrct.
538 1534 590 1582 V,
620 1535 766 1584 905-—
783 1535 898 1574 1026.
923 1534 973 1571 de
993 1534 1102 1578 vita,
1132 1534 1295 1583 ingenio
1321 1533 1586 1585 moribusque

201 1602 432 1656 primorum
460 1599 692 1649 hominum,
737 1617 758 1640 e
787 1608 897 1640 terra
929 1607 1130 1639 natorum.
1236 1601 1409 1651 jhgida
1433 1623 1484 1630 -
1506 1601 1583 1637 do-

203 1683 315 1715 mos;
346 1682 439 1705 nam
462 1669 599 1719 prisco
626 1682 725 1706 aevo
758 1670 914 1721 sylvae,
955 1677 1079 1707 antra
1111 1676 1149 1704 et
1180 1681 1326 1717 specus
1362 1677 1479 1705 erant
1502 1682 1584 1718 pro

203 1736 414 1779 domiluw,
442 1730 547 1786 Plin.
577 1735 672 1782 VII,
704 1736 768 1775 56.
828 1736 892 1774 Cs.
921 1736 1087 1774 Lucrel.
1110 1734 1164 1779 V,
1195 1735 1270 1784 951
1302 1748 1382 1786 seq.
1440 1734 1588 1787 Neque

202 1804 246 1842 iu
268 1801 589 1839 habitationibus
613 1803 869 1852 spectabai·1]r
891 1801 1187 1853 magnificentia
1211 1808 1252 1839 et
1270 1801 1475 1853 elegantia,
1501 1802 1585 1850 sed,

204 1884 309 1922 quae
334 1881 490 1906 summa
513 1869 575 1906 rei
595 1875 667 1914 est,
694 1870 820 1909 tutela
849 1877 990 1908 contra
1014 1869 1117 1907 aeris
1142 1868 1310 1905 iniurias
1332 1870 1586 1920 praestanda.

192 1936 395 1989 fi't'glsla,
428 1936 616 1986 quoniam
643 1937 716 1974 sub
742 1943 854 1976 terra
874 1943 957 1986 est3
994 1943 1036 1975 et
1054 1936 1149 1975 hinc
1177 1936 1311 1987 aptior
1339 1938 1387 1975 ad
1411 1939 1496 1976 vim
1517 1953 1588 1976 so-

203 2002 253 2041 lis
289 2002 503 2040 arcendam
543 2001 708 2041 aedibus
743 2005 908 2042 nostris.
995 2007 1153 2056 ignem,
1194 2004 1344 2043 focum.
1437 2006 1590 2043 Larem

206 2070 462 2109 familiarem.
529 2070 565 2106 4.
595 2084 749 2120 pecus,
787 2078 833 2109 ut
850 2086 910 2123 ap.
935 2072 1042 2109 Fest.
1068 2085 1105 2109 v.
1139 2073 1313 2109 caulae.-
1350 2075 1590 2124 antiquitus

207 2146 303 2174 ante
339 2149 457 2173 asum
493 2144 690 2173 tectorum
711 2151 802 2174 oves
830 2140 876 2175 in
902 2141 1035 2176 antris
1062 2140 1373 2177 claudebantur.
1397 2161 1451 2170 —-
1475 2154 1585 2177 com-

210 2205 327 2240 muni
353 2204 498 2240 umbra
518 2203 603 2239 scil.
632 2204 847 2254 speluncae
861 2205 927 2244 vel
941 2207 1090 2256 sylvae,
1116 2207 1349 2258 speluncam
1370 2208 1586 2245 continen-

207 2271 260 2308 tis
283 2276 324 2308 et
350 2270 641 2308 obumbrantis.

260 2413 286 2433 1.
312 2400 366 2433 De
393 2413 461 2444 qua
488 2400 609 2434 fabula
634 2403 713 2433 satis
736 2409 816 2433 nota
837 2414 868 2434 v.
926 2404 1116 2435 Pudicitia
1141 2403 1186 2436 cs.
1214 2404 1317 2447 Prop.
1350 2405 1396 2446 II,
1422 2407 1476 2446 23,
1509 2407 1584 2439 108.

208 2458 329 2501 Heyne
356 2458 440 2491 Exc.
464 2458 529 2490 III.
555 2466 588 2490 et
614 2458 676 2490 IV.
705 2457 747 2489 ad
772 2458 869 2501 virg.
927 2461 971 2492 al.
1011 2461 1064 2501 52,
1100 2459 1153 2493 52.
1190 2469 1223 2493 et
1263 2461 1367 2494 Ovid.
1400 2462 1464 2505 Ep.
1504 2464 1586 2496 Her.

209 2513 296 2546 Aen.
321 2514 396 2546 Vll.
419 2515 502 2546 Exc.
529 2516 576 2548 11.
601 2513 644 2545 ad
665 2513 762 2558 Virg.
781 2515 870 2549 Aen.
925 2516 987 2557 IV,
1016 2517 1073 2549 131
1113 2529 1184 2560 seq.
1214 2518 1256 2550 de
1283 2519 1443 2552 Saturno
1471 2522 1583 2553 Creu—

210 2570 309 2610 Vm,
342 2571 409 2603 514
429 2588 474 2595 —-
492 2573 569 2615 329.
602 2579 634 2603 et
667 2571 710 2603 ad
735 2571 868 2606 Tibull.
925 2573 1009 2605 zer's
1045 2573 1232 2617 symbolik
1269 2576 1310 2608 T.
1333 2577 1377 2609 ll.
1401 2588 1436 2620 p.
1461 2590 1493 2619 7.
1517 2580 1585 2611 am.

207 2626 236 2666 Ι,
270 2629 302 2667 5,
337 2626 379 2659 55
404 2639 476 2670 seq.
524 2627 579 2660 Cf.
616 2629 681 2661 inf.
705 2626 805 2669 XIII,
829 2627 872 2661 58
927 2642 998 2674 seq.
1031 2631 1098 2675 575
1129 2643 1202 2675 seq.
1241 2632 1322 2667 484.
1370 2633 1411 2666 Τ.
1450 2634 1514 2666 lv.
1549 2646 1585 2678 p.

208 2693 281 2724 seq.
317 2691 350 2714 et
387 2683 430 2714 de
462 2686 610 2718 saeculis
642 2697 670 2718 ⁵.
696 2685 867 2719 aetatibus
924 2688 991 2722 464
1016 2699 1089 2731 seq.

205 2739 332 2772 muudi
376 2739 419 2773 ad
460 2739 558 2779 XIII.
600 2742 644 2775 28
683 2753 756 2786 aeq.
812 2742 867 2775 Ilo
