1686 3089
506 183 580 227 IN
612 183 851 226 IVVEN.
883 182 1021 230 SAT.
1051 182 1169 227 XIII.
1445 186 1531 232 631<

135 290 261 341 ’0.’51.
289 296 378 354 (ubi
398 312 437 340 v.
460 297 611 354 Hard.)
640 301 752 339 Suet.
778 300 861 339 Cal.
886 301 951 351 47.
1007 301 1187 341 Eosdem
1216 311 1368 341 vertere
1391 305 1528 354 capil-

142 370 229 407 lum
260 383 374 407 croco
412 369 513 407 dicit
546 369 720 407 Tertull.
757 368 806 406 de
838 369 952 406 cultu
978 369 1033 413 II,
1061 370 1097 407 6.
1129 377 1169 407 et
1202 384 1305 421 aqua
1341 371 1527 416 calcaria,

141 452 309 477 τιτανου
341 431 608 493 α’ποπλυματρ
647 451 823 488 σμωντες
850 451 922 482 τας
955 452 1098 491 τριχας
1126 453 1322 491 συνεχως,
1352 432 1527 476 Diodor.

140 503 197 552 V,
221 506 286 542 28.
337 505 453 554 Quae
477 509 639 540 tantum
664 517 746 541 non
771 504 905 541 omnia
925 504 1005 541 iam
1030 504 1190 541 notavit
1212 504 1326 555 Lips.
1352 505 1402 542 ad
1429 507 1530 544 Tac.

141 571 282 610 Germ.
310 573 346 609 4.
390 578 435 610 ut
467 576 510 608 et
549 570 669 608 haec:
715 570 947 618 „Romanae
978 572 1099 611 etiam
1129 577 1335 610 matronae
1366 579 1530 610 veteres

140 640 329 676 amabant
361 638 540 675 colorem
575 636 725 675 flavum
758 639 1011 690 rutilumque
1047 645 1090 677 et
1121 652 1278 677 summa
1319 639 1532 690 diligentia.

140 706 308 756 capillos
329 706 466 743 cinere
499 705 747 753 rutilabant;
804 706 1053 756 posteriores
1083 707 1208 758 magis
1242 707 1380 754 avide,
1427 722 1532 760 quae

141 772 388 823 capillitium
419 773 554 823 ipsum
580 773 769 810 emebant
799 786 822 809 a
852 773 1067 811 Germanis
1103 781 1143 812 et
1177 788 1251 825 pro
1286 775 1412 812 comis
1442 776 1530 813 suis

136 839 431 890 supponebant.
470 853 508 878 v.
546 840 683 878 Valer.
706 841 817 878 Max.
838 840 889 889 Il,
916 855 947 888 1,
974 843 1010 879 5.
1053 840 1173 879 Ovid.
1207 841 1295 881 Am.
1320 842 1352 891 I,
1377 845 1438 891 14,
1463 843 1530 882 45.

135 912 178 943 et
203 906 377 944 Tertull.
398 906 449 944 de
475 906 591 944 cultu
612 907 668 950 II,
695 907 760 945 6.“
806 906 869 946 Cs.
891 907 941 945 ad
966 907 1038 955 VI,
1066 920 1154 947 120.
1193 909 1382 962 (nigram.
1404 911 1531 960 flavo

137 975 295 1011 crinem
320 967 594 1012 'abscondente
629 976 802 1027 galero,
863 985 964 1025 quae
998 975 1124 1013 verba
1154 974 1251 1014 hinc
1287 978 1530 1030 explicanda

88 1093 92 1095 Α
139 1036 353 1092 videntur)
384 1040 434 1078 acl
456 1042 508 1089 V,
538 1042 625 1079 115.
671 1041 863 1092 Conring.
892 1041 917 1078 l.
949 1041 976 1077 l.
1009 1055 1048 1092 p.
1073 1054 1123 1093 97
1148 1055 1231 1095 seq.
1273 1043 1445 1095 Grupen
1477 1045 1531 1084 de

139 1120 276 1145 uxore
309 1107 527 1146 Theotisca
565 1122 598 1146 c.
630 1109 666 1145 4.
711 1121 750 1159 p.
793 1110 869 1147 140
892 1130 947 1138 —·
969 1120 1063 1146 221.
1102 1109 1273 1148 Anton’s
1307 1111 1454 1150 Gesch.
1492 1112 1532 1151 d.

139 1172 372 1212 deutschen
391 1175 545 1214 Nation
590 1189 629 1226 p.
657 1187 707 1226 79
730 1188 812 1227 seq.
840 1175 1042 1227 Bo'ttigeri
1078 1177 1227 1233 Sabina
1252 1193 1290 1230 p.
1327 1181 1415 1232 139.
1440 1182 1531 1221 140.

139 1242 205 1280 Ab
240 1241 384 1280 iisdem
419 1242 636 1281 Germanis
672 1248 879 1280 matronae
912 1242 1032 1281 Rom.
1067 1243 1334 1285 adsciverunt
1359 1262 1537 1298 coznua,

143 1312 324 1363 κέρατα,
371 1308 410 1347 h.
436 1323 470 1347 e.
497 1309 740 1361 capillorum
763 1309 913 1358 nodos,
961 1309 1281 1363 implicationes,
1312 1321 1466 1354 struem
1490 1321 1535 1355 et

141 1378 345 1416 tutulum:
376 1379 437 1424 (v.
464 1377 516 1415 ad
539 1377 612 1424 VI,
637 1377 728 1414 502.
759 1377 925 1414 Salmas.
953 1376 1004 1414 ad
1028 1378 1154 1416 Solin.
1177 1393 1217 1431 p.
1246 1381 1337 1430 762.
1364 1384 1412 1421 al.
1437 1387 1538 1425 535.v

139 1443 328 1495 Bo'ttiger
351 1443 378 1482 l.
406 1446 459 1491 c.)
500 1457 594 1482 nam
624 1446 791 1495 insigne
815 1445 1111 1482 Germanorum
1135 1447 1347 1499 obliquare
1380 1455 1536 1492 crinem

138 1511 326 1562 nodoque
358 1511 636 1562 substringere
651 1526 740 1557 5—-
775 1511 1000 1548 horrentem
1037 1525 1195 1564 quoque
1229 1518 1431 1566 capillum
1466 1535 1535 1558 re—

138 1585 202 1616 tro
235 1585 461 1630 sequuntur
493 1591 544 1614 ae
583 1591 707 1628 saepe
743 1579 789 1614 in
828 1579 919 1628 ipso
969 1580 1119 1615 vertice
1162 1582 1368 1633 religant:
1391 1605 1448 1614 —
1488 1590 1538 1627 in

143 1645 411 1685 altitudinem
451 1645 677 1695 quamdam
706 1652 743 1681 ea}
768 1653 959 1682 terrorem
989 1645 1152 1683 adituri
1183 1648 1291 1687 bella
1319 1663 1534 1699 ornantur,

142 1713 239 1752 Tac.
269 1712 409 1750 Germ.
433 1711 501 1749 58.
528 1711 705 1749 Martial.
734 1712 786 1758 V,
805 1713 870 1749 38.
903 1718 945 1749 et
965 1711 1016 1749 de
1036 1720 1160 1763 spect.
1184 1715 1310 1767 I.[I,9.
1339 1720 1432 1757 Sen.
1455 1721 1534 1773 Ep.

143 1782 210 1820 24.
238 1785 281 1817 et
314 1778 365 1816 de
395 1779 456 1816 ira
477 1777 554 1826 III,
579 1778 644 1819 26.
688 1777 886 1814 Germani
918 1778 1080 1828 longam
1107 1783 1347 1821 nutriebant
1377 1800 1535 1829 comam

145 1860 316 1898 eamque
366 1859 451 1883 non
505 1845 737 1896 crispabant
790 1850 859 1882 aut
898 1845 1118 1883 inurebant
1165 1849 1425 1902 calamistris,
1487 1863 1536 1894 ut

142 1914 348 1965 Phryges,
393 1912 465 1949 sed
496 1909 540 1950 in
575 1910 730 1949 nodum
762 1912 980 1962 cogebant,
1029 1913 1117 1962 vel,
1166 1922 1214 1954 ut
1244 1925 1367 1968 poeta
1393 1930 1538 1964 noster

145 1982 270 2030 dicit,
314 1976 561 2032 torquebant
591 1992 747 2016 cornua
775 1981 882 2017 virro
910 1980 1102 2025 madido,
1131 1983 1356 2034 madidato,
1394 1991 1537 2029 made..

148 2050 273 2090 sacto.
345 2048 457 2085 Cir-ri
490 2047 787 2084 Germanorum
820 2054 1101 2086 memorantur
1133 2051 1253 2089 etiam
1281 2053 1454 2094 Tertull.
1486 2058 1540 2097 de

147 2116 377 2167 virginibus
406 2113 590 2152 velandis
625 2127 659 2150 c.
688 2126 748 2151 10.
780 2119 822 2151 et
843 2115 902 2152 ita
925 2115 1118 2154 dicuntur
1139 2118 1342 2170 cincinni,
1385 2127 1539 2176 annuli,

148 2184 356 2230 (Locken)
387 2180 525 2232 capilli
551 2179 698 2228 deflui,
731 2180 973 2232 dependuli,
1003 2182 1161 2231 diffusi,
1192 2191 1274 2224 tam
1300 2188 1343 2226 in
1367 2194 1540 2244 vertice,

151 2265 272 2305 quam
297 2255 530 2288 retrosecus
557 2248 743 2296 collecti,
772 2249 982 2299 innodati,
1010 2251 1184 2301 religati.
1257 2254 1320 2293 Cf.
1347 2257 1442 2298 Tac,
1463 2262 1489 2298 1,
1511 2262 1540 2300 1,

153 2319 294 2370 ibique
325 2317 454 2354 Gron.
497 2323 749 2368 torquentem
783 2320 1033 2363 caesariem,
1077 2320 1144 2356 cui
1180 2319 1298 2359 docte
1329 2325 1540 2379 tribuitur,

151 2384 262 2439 quod
286 2383 455 2436 proprie
481 2383 530 2421 ad
566 2384 702 2436 ipsum
728 2390 885 2435 spectat
911 2385 1173 2426 Germanum.

269 2452 343 2501 167
374 2474 425 2481 --
457 2452 546 2500 173.
593 2451 748 2489 Fabula
789 2451 839 2489 de
879 2466 1004 2504 parva
1045 2455 1351 2506 Pygmaeorum
1386 2466 1540 2502 statura

153 2533 378 2571 eorumque
409 2531 543 2569 pugna
575 2532 668 2556 cum
695 2520 896 2571 gruibus,
945 2535 1048 2572 quae
1077 2521 1294 2572 ingruente
1329 2525 1464 2567 hieme
1495 2532 1542 2570 in

155 2586 370 2626 calidiores
406 2586 543 2637 plagas
580 2587 753 2634 abeunt,
795 2587 855 2637 (v.
889 2588 995 2626 Plin.
1036 2587 1090 2636 X,
1117 2590 1204 2640 23.)
1235 2594 1446 2635 notissima
1483 2606 1544 2638 est

153 2662 197 2694 et
217 2668 271 2693 cx
295 2653 540 2706 etymologia
566 2654 677 2693 sorte
705 2654 858 2706 efficta,
895 2659 1008 2705 (nam
1035 2651 1176 2710 πυγμή
1196 2671 1227 2697 s.
1253 2658 1394 2715 πυγῶν
1423 2666 1544 2705 cubi-
