1686 3089
482 155 560 197 IN
605 152 1042 201 IVVEN.‚SAT,
1092 156 1210 197 xiv.
1467 175 1547 215 7„

142 270 334 320 leverint,
360 269 616 324 videbisque,
640 271 900 324 iniquitatem
921 284 1066 310 eorum
1090 287 1184 312 cum
1206 272 1320 312 anuis
1346 275 1541 316 crevisse*

141 339 326 379 nondum
346 341 563 391 impleuere
578 340 781 377 medullas
805 348 993 383 maturae
1017 342 1132 378 mala
1151 343 1363 393 nequitiae
1377 370 1391 387 ,
1419 357 1534 383 sum-

139 392 216 445 ma!
243 408 450 459 nequitia,
490 408 620 459 qualis
653 414 714 445 est
753 413 992 459 parentum,
1028 408 1212 446 nondum
1250 410 1345 447 satis
1381 411 1464 449 alte
1487 412 1533 451 in

135 479 303 512 teneros
323 476 554 526 penetravit
573 476 729 513 animos
751 482 792 513 et
810 482 1013 527 tamquam
1035 475 1152 514 venis
1172 475 1442 530 medullisque
1461 480 1531 518 in·—

133 541 218 580 fixa
241 541 396 580 haeret.
452 555 547 592 217.
577 557 809 580 mucronem
832 544 951 594 longi
971 542 1096 580 cultri
1108 569 1121 586 ,
1162 545 1405 584 novaculam
1428 547 1526 585 bar-

133 608 209 648 bae
229 609 457 648 tondendae
479 624 598 648 causa
620 611 857 655 admittere,
889 610 928 648 h.
953 624 985 648 e.
1009 609 1252 648 adolescere.
1311 615 1404 651 218.
1424 630 1528 664 per-

130 677 250 715 iuria
281 678 427 715 vendet
459 692 619 716 summa
656 680 831 730 exigua,
872 680 989 728 parvi
1024 685 1213 729 quaestus
1238 679 1529 733 commodique

128 758 250 783 causa
289 745 502 796 peierabit.
572 758 667 797 219.
702 747 891 784 Iurantes
937 751 1233 798 precantesque
1289 750 1524 801 tangebant

127 827 263 858 aram,
289 811 359 864 (cs.
383 813 461 856 III,
492 813 581 851 145.
602 814 721 862 XIII,
745 816 809 866 89.
842 814 956 864 Virg.
980 812 1082 850 Aen.
1103 814 1180 864 IV,
1196 827 1287 867 219.
1311 816 1519 866 XII,201.

126 880 222 919 Liv.
255 881 380 925 XXI,
420 893 453 918 1.
478 886 520 917 et
547 880 596 918 ad
632 881 704 920 Sil.
726 881 801 929 III,
825 880 915 930 82.)
972 881 1039 918 vel
1054 882 1208 932 pede-3,
1240 897 1370 934 genua
1394 891 1437 922 et
1461 886 1534 926 si-,

123 949 307 987 mulacra
331 949 501 986 deorum
517 977 527 997 ,
557 954 604 986 ut
625 963 686 1000 ap.
713 949 824 986 Suet.
849 949 942 986 Tib.
965 961 1030 997 27.
1055 955 1095 986 et
1120 950 1244 988 Ovid.
1268 952 1371 990 Met.
1398 952 1521 1001 XIII,

124 1017 219 1056 585.
279 1017 435 1054 Cereris
458 1030 534 1067 pro
569 1030 828 1068 quocumque
859 1016 1029 1054 numine
1056 1023 1097 1055 et
1120 1018 1286 1069 quidem
1308 1020 1518 1057 sanctissi—

119 1097 203 1123 mo.
259 1097 355 1122 220.
380 1084 572 1127 Elatam‚
600 1090 806 1122 mortuam
831 1098 876 1121 ac
899 1085 1112 1135 sepultam.
1170 1086 1357 1124 Verbum
1390 1086 1518 1125 sunc-

119 1153 231 1200 rale,
258 1159 305 1190 ut
337 1166 397 1203 ap.
433 1152 556 1202 Prop.
590 1152 664 1200 IV,
694 1164 729 1202 7,
764 1163 800 1201 7.
837 1151 885 1189 al.
917 1165 956 1189 v.
989 1165 1076 1203 sup.
1111 1152 1160 1190 ad
1186 1154 1216 1201 I,
1252 1166 1314 1202 72.
1342 1176 1395 1184 —-
1417 1167 1514 1192 221.

118 1220 349 1270 stfortq'sera
366 1233 459 1256 cnm
492 1219 606 1267 dote,
635 1233 800 1270 magna,
836 1226 877 1257 et
894 1219 992 1257 hinc
1016 1233 1134 1257 causa
1155 1222 1313 1259 mortis.
1371 1222 1514 1260 Verba

117 1287 270 1324 limina
292 1287 403 1324 subit
422 1294 607 1338 spec-tant
627 1287 675 1325 ad
700 1289 828 1325 ritum
858 1288 1106 1339 nuptialem,
1144 1302 1225 1339 quo
1247 1303 1350 1327 nova
1371 1295 1514 1341 nupta,

115 1354 166 1391 ad
192 1353 310 1392 aedes
336 1355 475 1405 sponsi
501 1354 650 1404 ducta,
683 1362 730 1392 ut
751 1356 879 1393 invita
903 1355 1183 1405 virginitatem
1208 1356 1414 1408 deponere
1438 1357 1510 1395 vi-*

116 1420 313 1466 deretur,
340 1436 361 1459 a
387 1422 679 1474 paranymphis
704 1423 947 1474 portabatur
965 1429 1077 1460 trans
1115 1424 1256 1472 limen,
1295 1422 1405 1475 quod
1425 1430 1508 1462 tam

113 1490 163 1527 ab
190 1490 472 1538 ingrediente,
514 1504 634 1540 quam
669 1491 717 1528 ab
741 1480 976 1541 egrediente
1012 1491 1122 1540 tangi
1154 1491 1383 1528 ominosum
1409 1497 1511 1530 erat.

113 1558 176 1606 (v.
197 1558 338 1599 Bnrm.
374 1556 425 1594 ad
456 1556 578 1594 Ovid.
615 1557 707 1595 Am.
749 1558 781 1606 Ι,
818 1570 879 1604 12,
906 1558 942 1594 4.
968 1563 1010 1594 et
1044 1557 1245 1608 Doering.
1268 1558 1319 1596 ad
1358 1559 1507 1598 Catull.

112 1626 230 1674 LXI,
261 1624 372 1672 166.)
398 1633 629 1675 premetur,
658 1625 942 1669 suffocabitur,
972 1625 1309 1675 strangulabitur.
1341 1627 1506 1679 quihus,

112 1707 234 1746 quam
261 1692 464 1729 scelestis!
541 1692 620 1729 nisi
659 1692 774 1730 malis
809 1698 902 1743 post
935 1692 1088 1743 digitis
1117 1693 1278 1742 signum
1308 1694 1505 1745 interrog.

107 1773 285 1813 ponere,
315 1764 359 1796 ut
386 1772 527 1797 sensus
549 1761 622 1795 sit:
653 1760 896 1810 quibusnam
911 1759 998 1796 aliis
1019 1773 1141 1811 quam
1154 1760 1292 1797 mariti
1311 1762 1374 1799 sui
1390 1789 1400 1806 ‚
1432 1763 1506 1813 qui

108 1835 206 1866 tuus
227 1833 289 1866 est
319 1826 463 1864 filius?
518 1827 602 1863 Alii
639 1825 690 1863 de
725 1826 863 1877 digitis
897 1827 1060 1864 aconito
1091 1826 1258 1864 insectis
1281 1829 1503 1880 accipiunt,

108 1897 200 1934 coll.
225 1895 330 1933 Plin.
354 1893 540 1941 XXVII,
577 1905 613 1930 2.
653 1894 825 1931 Constat
853 1896 1037 1932 omnium
1070 1909 1320 1934 venenorum,
1352 1899 1501 1935 ocissi-

110 1979 221 2003 mum
240 1977 322 2000 esse
343 1963 556 2000 aconitum
585 1970 624 1999 et
652 1963 779 1998 tactis
813 1976 972 2013 qnoque
1002 1963 1264 2013 genitalibus
1285 1964 1501 2015 seminini

107 2045 226 2070 sexu-s·
248 2030 502 2069 animalium
523 2028 660 2066 eodem
682 2028 749 2065 die
781 2030 934 2079 infiffrre
961 2038 1142 2068 mortem.
1200 2032 1297 2068 Hoc
1309 2033 1406 2083 ficit
1428 2047 1500 2070 ve-

107 2113 270 2146 nenam,
296 2111 376 2149 quo
400 2099 635 2134 interemta-³
657 2096 903 2133 dormientes
925 2111 952 2134 α
969 2098 1199 2148 Calpurnio
1221 2099 1367 2136 Bestia
1393 2113 1498 2136 uxo—-

105 2181 169 2212 res-⁹,-
189 2167 252 2202 M.
274 2165 484 2203 Caecilius
509 2172 728 2201 accusator
751 2164 922 2202 obiecit.-
955 2163 1055 2202 lzinc
1079 2167 1157 2203 illa
1182 2174 1302 2203 atrox
1320 2181 1497 2216 perora-

103 2237 163 2273 tio
184 2236 272 2271 eius
296 2234 342 2269 in
364 2232 560 2283 digitu„
575 2245 625 2268 m.
679 2232 773 2268 223.
794 2230 928 2268 Caede
950 2232 1028 2269 sibi
1052 2233 1214 2270 facilius
1240 2233 1403 2271 divitias
1423 2249 1498 2286 pa-

104 2302 232 2348 rabit,
265 2313 382 2351 quain
406 2299 613 2337 aerumnis
632 2307 742 2338 terra
771 2301 958 2350 marique
985 2300 1222 2338 tolerandis.
1281 2304 1372 2340 224.
1400 2303 1496 2340 Ma·-

103 2382 227 2420 gmnn
251 2366 405 2414 scelus,
430 2367 541 2418 quod
565 2373 854 2419 quaestuosum
877 2373 959 2414 est,
991 2366 1134 2410 caedes
1152 2397 1163 2416 ,
1192 2368 1306 2407 sacili
1329 2372 1493 2421 negotio

102 2440 380 2488 perpetratur.

216 2514 294 2550 227
317 2523 372 2530 —
401 2502 494 2540 232.
524 2502 784 2554 Quicumque
809 2516 959 2555 pueros
993 2517 1116 2555 opum
1140 2517 1277 2542 amore
1307 2512 1349 2544 et
1374 2508 1496 2559 cupi-

106 2569 230 2608 ditate
254 2569 406 2607 imbuit
427 2576 470 2606 et
491 2570 658 2608 eosdem
690 2570 808 2608 laevo
839 2573 1020 2618 monitu,
1048 2572 1251 2622 perversis
1276 2573 1494 2613 infaustis-

105 2652 185 2691 que
218 2638 474 2688 praeceptis,
513 2652 663 2675 avaros
691 2637 917 2688 producit,
957 2638 1134 2687 format,
1174 2640 1319 2690 efficit,
1363 2641 1417 2694 (v.
1444 2643 1495 2684 ad

104 2705 178 2754 VI,
200 2703 318 2755 241.)
350 2704 384 2744 is
408 2705 552 2745 similis
576 2711 638 2746 est
661 2705 847 2758 aurigae,
881 2707 950 2759 qui
982 2708 1215 2755 curriculo,
1256 2710 1394 2763 equis,
1419 2711 1494 2749 dat
