1686 3089
467 175 545 217 IN
588 176 1018 222 IVVEN.·SAT.
1063 179 1096 219 Ι.
1429 182 1483 225 65

96 289 244 341 singuli
265 300 393 339 paene
416 301 555 329 versus
582 291 777 331 Romanis
807 293 1029 332 lectoribus
1061 294 1212 345 promti
1249 303 1402 344 essent,
1440 296 1485 335 id

94 363 354 404 commodum
391 358 538 398 accidit
559 360 745 402 Iuvenali
775 367 815 398 et
837 361 924 398 aliis
961 362 1253 412 scriptoribus,
1285 364 1394 400 uude
1425 365 1484 402 si-

94 423 219 466 bimet
240 430 317 482 ipsi
339 431 571 469 auditorum
594 428 757 479 plausus
791 428 1041 478 colligerent.
1064 451 1117 458 —
1167 430 1366 466 Galeacus
1396 445 1480 468 non

93 500 155 530 est
173 496 303 548 simpl.
323 500 459 546 miles,
495 503 540 533 ut
561 498 649 534 sere
671 495 787 543 VIII,
812 497 903 534 238.
936 496 1007 533 sed
1026 503 1106 545 est,
1148 503 1195 534 ut
1221 498 1369 534 mulier
1392 513 1479 547 ga-

91 561 202 617 leatcf
227 565 299 613 VI,
324 568 436 613 252„
475 564 585 616 galea
604 563 790 611 biduum,
830 563 939 612 sive,
979 565 1048 615 qui
1073 565 1195 614 capiti
1220 565 1372 613 galeam
1398 564 1480 602 im-

88 631 248 679 posuit,
285 634 488 684 proelium
526 633 743 682 ingressus.
809 630 857 668 Id
893 632 1001 668 enim
1026 631 1149 668 fiebat
1185 645 1238 668 ex
1262 645 1397 678 more,
1434 638 1481 670 ut

89 696 281 746 milites,⁴
310 689 651 751 quemadmodum
691 712 756 736 res
790 698 918 736 oculis
955 699 1170 736 subiicitur
1202 698 1257 736 in'
1283 697 1482 736 Columna

88 763 287 814 Traiana,
331 768 483 816 galeam
518 773 610 803 ante
642 780 818 816 pugnam
842 766 891 803 ad
921 765 1139 803 humerum
1174 766 1368 803 dextrum
1406 781 1480 817 ap—

85 843 251 882 pensam
292 842 482 884 gererent
536 848 664 885 eaque
706 840 825 884 caput
874 834 1114 884 obtegerent
1167 839 1254 870 tum
1303 834 1479 882 demum,

85 912 211 949 quum
238 903 441 952 proelium
483 902 697 952 inciperet.
769 901 887 937 Cous.
933 901 1044 938 Hirt.
1082 901 1131 938 de
1176 902 1213 938 b.
1249 902 1380 942 Afric.
1416 914 1477 939 12.

82 965 231 1004 Parum
254 975 366 1007 recte
392 969 468 1007 hac
494 969 544 1006 de
565 982 610 1006 re
632 968 792 1006 dubitat
812 968 1030 1006 Fabrettus
1062 968 1112 1005 ad
1139 968 1325 1007 Column.
1363 970 1476 1007 Trai.

82 1045 122 1084 p.
142 1035 263 1072 213.“
293 1036 356 1074 Cs.
377 1038 474 1075 Var.
504 1037 620 1073 Lect.

200 1115 288 1150 170-
334 1117 424 1154 171.
492 1105 620 1142 Poeta
653 1103 874 1154 respondet
908 1103 1128 1141 monitori:
1166 1103 1211 1141 Si
1241 1103 1356 1141 vivos
1388 1103 1478 1141 sine

80 1169 265 1219 periculo
287 1185 454 1222 carpere
486 1185 570 1209 non
604 1184 793 1222 possum,
845 1178 1102 1209 mortuorum
1135 1171 1238 1209 vitia
1267 1171 1382 1208 vocis
1417 1172 1475 1209 li-

81 1235 240 1274 bertate
262 1240 544 1289 perstringam.
601 1239 711 1276 Huic
735 1237 899 1290 quidem
929 1240 1132 1289 promisso
1155 1253 1239 1277 non
1262 1239 1474 1288 satisfecit,

81 1309 123 1340 et
144 1306 291 1354 passim
314 1307 417 1344 vitia
442 1308 505 1344 sui
529 1308 617 1344 aevi
654 1313 694 1343 et
729 1306 942 1344 hominum
973 1313 1070 1344 tunc
1097 1308 1294 1358 temporis
1325 1308 1476 1345 viven-

81 1372 184 1408 tium
211 1374 393 1422 notavit,
423 1373 495 1411 sed
515 1387 734 1425 numquam
758 1374 846 1411 sere
868 1374 1062 1421 aliorum,
1088 1388 1210 1425 quam
1231 1375 1475 1425 ignobilium

80 1444 123 1475 et
144 1440 213 1490 qui
253 1441 386 1478 minus
410 1441 538 1492 gratia
570 1442 869 1492 Imperatorum
895 1441 1084 1478 valebant
1118 1442 1300 1493 adeoque
1336 1444 1473 1481 minus

79 1506 118 1542 ei
153 1519 302 1544 nocere
334 1513 548 1559 poterant;
600 1507 650 1545 de
693 1508 929 1559 potentibus
967 1514 1103 1546 autem
1137 1509 1204 1546 vel
1238 1510 1336 1560 ipsis
1370 1511 1472 1556 adeo

79 1572 323 1612 Caesaribus
347 1577 512 1613 mutatis
535 1581 694 1613 tantum
719 1583 760 1613 et
784 1575 890 1612 fictis
910 1576 1144 1614 nominibus
1170 1577 1274 1627 egit,
1314 1578 1380 1615 vel
1403 1579 1472 1626 ita,

75 1639 140 1689 ut,
170 1655 270 1693 quae
292 1642 459 1691 diceret,
488 1642 537 1680 ad
558 1643 657 1681 alios
685 1644 807 1681 etiam
828 1643 979 1680 referri
1002 1651 1177 1694 possent.
1281 1656 1372 1694 171.
1399 1645 1468 1683 Ad

76 1708 185 1755 vias,
220 1711 441 1762 praecipue
468 1712 750 1755 Flaminiam,
784 1710 885 1759 (vid.
913 1724 998 1762 sup.
1023 1710 1072 1748 ad
1094 1725 1131 1749 v.
1154 1712 1241 1761 61.)
1267 1714 1472 1751 Latinam

75 1781 118 1813 et
153 1776 351 1827 Appiani,
399 1778 577 1816 Romani
609 1785 822 1816 exstruere
849 1779 1033 1815 solebant
1055 1780 1253 1829 sepulcra,
1287 1794 1465 1831 quorum

72 1844 239 1882 latebris
259 1858 378 1896 saepe
396 1847 575 1884 latrones
596 1860 639 1884 se
670 1847 892 1884 occultasse
915 1851 1060 1883 notum
1096 1853 1156 1883 est
1170 1861 1179 1894 3
1224 1847 1332 1884 unde
1356 1849 1468 1885 mul-—

72 1917 115 1949 ta
137 1919 299 1951 exstant
327 1914 615 1964 epigrammata
645 1915 689 1951 in
724 1916 902 1950 viatores
934 1919 974 1949 et
1005 1915 1049 1950 in
1084 1914 1286 1964 inscriptt.
1317 1916 1467 1966 passim

73 1979 121 2017 fit
156 1982 308 2018 mentio
340 1983 558 2019 viatormn.
580 1978 623 2003 64
681 1982 841 2018 chtincz
872 1981 939 2017 xia
971 1985 1074 2018 teste
1109 1981 1241 2018 Strab.
1272 1983 1323 2020 V.
1358 1983 1470 2020 inter

72 2048 246 2098 Appiam
274 2054 315 2086 et
349 2048 557 2085 Valeriam
592 2048 670 2085 sita
703 2054 744 2085 et
775 2047 977 2098 lapidibus
1010 2053 1136 2085 strata
1174 2050 1222 2086 ab
1264 2048 1379 2087 'Urbe
1417 2049 1469 2087 ad.

74 2114 326 2164 Sinuessam,
369 2129 460 2166 opp.
483 2121 714 2153 extremum
738 2115 873 2163 Latii,
913 2128 988 2165 per
1018 2114 1212 2165 Algidum
1241 2122 1282 2153 et
1301 2116 1467 2154 Tuscu—

69 2180 183 2218 lanos
206 2183 327 2220 colles
351 2181 400 2219 ad
413 2182 650 2232 Forentum,
678 2184 950 2220 Frusinonem
979 2182 1155 2234 aliasque
1176 2183 1362 2221 civitates
1387 2197 1469 2221 no—

71 2248 173 2286 biles
197 2249 386 2288 tendens:
426 2250 475 2288 ad
504 2265 623 2303 quam
650 2257 862 2289 exstructa
885 2248 1124 2300 sepulchra,
1164 2252 1355 2301 quoniam
1374 2251 1464 2301 lege

71 2315 159 2353 XII
182 2317 258 2355 tab.
288 2319 484 2356 sancitum
507 2325 614 2367 erat,
653 2333 704 2356 ne
729 2319 817 2370 quis
842 2319 886 2355 in
908 2317 1023 2355 Urbe
1045 2317 1290 2370 sepeliretur
1299 2332 1310 2366 3
1357 2316 1464 2359 Ach.

77 2442 82 2502 j
116 2458 173 2492 64,
198 2458 252 2492 cs.
292 2461 358 2494 inf.
387 2461 426 2504 v,
465 2461 517 2496 55.
563 2472 596 2496 et
628 2463 726 2503 vm,
791 2460 1321 2501 14ss.1x1a1-1121.w‚28,axi,
1347 2463 1396 2503 14,
1424 2474 1451 2495 ι.

787 2518 991 2552 Kixehman.
1023 2518 1064 2549 de
1087 2518 1159 2551 fun.
1185 2519 1285 2553 Rom.
1314 2519 1360 2560 ΙΙ,
1395 2530 1453 2553 22.
