1686 3089
459 146 532 187 IN
577 145 814 187 IVVEN.
865 144 1002 190 SAT.
1047 146 1123 186 VL·
1401 147 1480 188 281

95 262 212 300 dedit
263 261 307 299 in
365 261 512 299 affectu
567 262 758 314 repetiit,
813 266 855 299 et
888 261 1091 313 iungenda
1130 251 1239 298 *sunt
1281 261 1484 300 barbarus

95 327 295 380 Agrippa
332 336 372 366 et
415 332 594 367 incestae
641 331 780 367 sorori.
861 329 1054 380 Plerique
1098 329 1228 379 intpp.
1268 343 1484 381 perperam

95 394 134 433 h.
171 396 198 434 1.
220 397 287 434 vel
311 396 427 434 aliam
474 397 591 434 innui
624 402 770 448 putant
806 397 1032 434 Berenicen
1084 395 1289 446 aliumque
1329 398 1484 449 Agrip-

95 477 210 515 pam,
258 467 370 511 (nam
394 466 531 517 plures
558 465 772 515 utriusque
797 464 971 502 nominis
1005 463 1146 512 suere)
1185 463 1251 500 vel
1288 464 1486 503 annulum

96 530 302 582 duplicem
337 533 559 570 Berenicae
581 547 601 569 a
638 531 794 570 duobus
825 532 986 579 datum,
1034 531 1208 568 alterum
1237 545 1259 568 a
1291 532 1484 577 barbaro,

94 597 287 648 Herode,
329 600 415 637 eius
449 589 591 651 patruo
622 606 663 636 et
698 600 868 647 marito,
907 599 974 637 vel
1005 598 1240 636 Ptolemaeo
1272 597 1485 637 Philadel-

94 664 167 716 phi
209 666 294 704 filio
333 668 501 719 eiusque
531 668 679 705 marito
714 681 758 704 ac
796 667 950 715 fratre,
999 667 1173 704 alterum
1208 666 1256 704 ab
1284 669 1488 720 Agrippa

97 731 228 770 fratre
250 734 371 772 illius.
450 736 635 772 Barbari
666 734 835 772 Graecis
863 734 1104 772 dicebantur
1138 735 1363 786 peregrini,
1416 736 1488 788 qui

67 828 72 829 ν
90 797 204 846 haud
231 801 403 848 Graeci,
434 802 630 840 Romanis
645 832 656 851 ,
691 802 762 854 qui
784 815 860 839 nec
886 801 1063 839 Romani
1084 815 1160 840 nec
1182 802 1334 840 Graeci
1354 808 1488 841 erant.

95 870 301 913 incestae,
344 883 384 911 v,
408 869 458 907 ad
477 871 549 918 IV,
573 884 610 921 9.
634 891 688 900 —
751 870 843 921 159.
873 869 971 913 ubi,
998 869 1038 906 h.
1068 883 1100 907 e.
1131 870 1176 907 in
1197 870 1368 919 Iudaea,
1414 872 1486 909 ubi

94 936 175 987 ipsi
203 951 318 988 reges
341 951 470 985 mero,
507 951 611 988 puro
639 951 684 975 ao
714 937 849 980 nudo,
884 939 1009 988 (quae
1041 943 1179 974 tamen
1214 939 1327 976 vocis
1359 939 1490 989 signi-

94 1003 230 1043 ficatio
268 1005 446 1042 insolens
483 1011 565 1055 est,
605 1006 708 1056 pede
745 1005 921 1042 sabbata
955 1004 1172 1042 observant
1196 1007 1342 1056 fieta,
1385 1007 1490 1046 festa

98 1078 222 1122 agunt
252 1086 281 1108 s.
330 1072 548 1110 celebrant.
632 1072 736 1109 Nam
780 1071 976 1122 Iosephus
1015 1072 1116 1109 Bell.
1150 1071 1240 1110 Iud.
1267 1073 1322 1116 II,
1356 1074 1416 1118 15.
1448 1080 1491 1112 et

98 1139 356 1190 Hegesippus
388 1139 483 1176 bell.
516 1139 604 1177 Iud.
636 1140 706 1178 lib.
730 1140 783 1177 II.
813 1138 1003 1187 tradunt,
1032 1139 1261 1177 Berenicen
1293 1141 1488 1193 reginam,

99 1206 304 1258 Agrippae
335 1208 440 1257 regis
466 1221 671 1255 sororem,
712 1212 759 1243 ut
785 1207 877 1261 Deo
905 1212 1003 1244 vota
1026 1208 1208 1245 solveret
1241 1222 1317 1259 pro
1346 1209 1490 1258 salute,

98 1274 430 1324 Hierosolymam
452 1276 612 1312 venisse
640 1289 683 1313 ac
712 1289 787 1328 pro
822 1288 938 1312 more
973 1274 1118 1312 hostiis
1157 1276 1281 1313 caesis
1310 1277 1491 1328 capillis-

101 1356 180 1394 que
215 1341 367 1379 derasis
397 1341 645 1393 nudipedem
680 1350 767 1381 tum
795 1356 907 1380 sacra
937 1342 1107 1387 secisse,
1163 1349 1253 1380 tum
1285 1349 1380 1380 ante
1411 1344 1493 1382 tri-

99 1409 223 1447 bunal
247 1409 380 1457 Festi,
410 1409 614 1447 Praesidis
639 1412 803 1462 Syriae,
833 1411 962 1447 atroci
987 1409 1110 1447 caede
1136 1411 1179 1448 in
1205 1410 1378 1448 Iudaeos
1399 1425 1492 1450 sae-

97 1477 270 1523 vientis,
308 1476 491 1523 stetisse,
539 1482 586 1513 ut
612 1492 688 1528 pro
723 1477 785 1515 his
823 1476 1081 1528 supplicaret.
1161 1477 1224 1514 Eo
1257 1479 1492 1529 respexisse

73 1540 263 1582 uidetur
286 1550 404 1594 poeta
436 1543 475 1581 h.
505 1544 531 1581 l.
574 1545 645 1583 ubi
683 1546 816 1583 obiter
841 1544 1015 1580 Iudaeos
1037 1544 1229 1596 ritusque
1255 1559 1398 1584 eorum
1429 1548 1492 1584 ri-

101 1610 182 1649 det.
262 1605 569 1661 ’Λνυποδησιάν
595 1613 663 1650 vel
697 1610 959 1663 nudipedalia
990 1611 1033 1648 in
1067 1613 1190 1649 sacris
1216 1619 1326 1650 -antt.
1351 1627 1490 1666 popu-

97 1677 260 1726 lorum,
311 1678 384 1727 (cs.
415 1693 453 1717 v.
479 1681 570 1718 525.
606 1686 646 1717 et
677 1679 850 1717 Casaub.
891 1677 942 1716 ad
972 1678 1082 1731 Suet.
1111 1679 1214 1731 Aug.
1244 1683 1353 1727 loo.)
1381 1681 1490 1733 inpr.

98 1746 407 1796 Hebraeorum,
465 1747 507 1786 in
536 1747 650 1798 gravi
693 1748 809 1784 luctu
841 1744 910 1784 vel
945 1747 1056 1784 statis
1090 1748 1256 1785 ieiuniis
1290 1755 1330 1786 et
1365 1763 1492 1800 quum

99 1820 196 1851 vota
223 1814 503 1862 solverentur,
549 1815 699 1852 usitata
733 1814 884 1861 fuisse,
954 1813 1025 1850 sed
1057 1814 1292 1852 Iuvenalem
1325 1815 1492 1865 ignora-

98 1883 213 1920 tione
243 1881 506 1919 Iudaicorum
541 1881 698 1919 rituum
739 1895 825 1918 eain
855 1880 900 1917 in
933 1893 1083 1930 genere
1127 1881 1177 1919 ad
1216 1882 1392 1920 sabbata
1421 1898 1494 1921 re-

101 1951 269 1997 tulisse,
305 1949 374 1987 vel
399 1948 474 1986 hac
511 1961 614 1987 voce
638 1948 885 1999 significasse
918 1948 1092 1996 ieiunia,
1135 1950 1300 2000 copiose
1326 1955 1367 1987 et
1394 1964 1492 1988 eru-

103 2016 188 2055 dite
223 2017 363 2054 docuit
391 2017 607 2068 Spanlleni.
648 2016 698 2054 ad
734 2016 890 2053 Gallim.
927 2015 979 2052 H.
1003 2015 1047 2052 in
1070 2013 1161 2054 Cer.
1194 2030 1232 2054 v.
1268 2018 1358 2056 125.
1427 2018 1493 2056 Cf.

100 2084 176 2122 inf.
222 2083 272 2121 ad
308 2084 426 2131 XIV,
457 2084 522 2135 96.
559 2084 745 2122 Perizon.
777 2082 826 2121 ad
859 2082 1015 2121 Aelian.
1050 2083 1101 2120 V.
1138 2084 1191 2121 H.
1226 2083 1325 2133 XII,
1351 2085 1415 2125 35.
1453 2093 1496 2125 et,

102 2151 265 2201 Koenig
295 2151 345 2188 ad.
369 2151 480 2189 Pers.
521 2152 573 2200 V,
610 2153 697 2189 185.
738 2152 810 2189 ubi
840 2156 977 2199 notat,
1027 2151 1287 2191 sabbatorum
1321 2154 1494 2204 religio-

101 2232 197 2258 :nem
232 2217 339 2270 apud
369 2218 574 2258 Romanos
613 2219 1010 2271 frequentissimam,
1068 2219 1240 2258 Iudaeos
1276 2227 1414 2259 autem
1448 2224 1492 2260 in

102 2285 373 2340 propagandis
409 2286 668 2325 caerimoniis
709 2287 939 2339 ritibusque
970 2287 1052 2324 suis
1089 2288 1323 2326 ambitiosos
1350 2288 1492 2328 fuisse.

102 2353 289 2404 Bynaeus
320 2352 369 2390 de
401 2353 546 2392 calceis
579 2355 705 2393 Hebr.
733 2355 784 2402 ΙΙ,
810 2356 848 2393 4.
884 2360 1049 2406 poetam
1078 2355 1310 2406 imperitiae
1347 2358 1494 2408 arguit,

105 2427 148 2458 et
166 2421 318 2458 Braun.
351 2420 399 2457 de
423 2428 525 2463 vest,
545 2421 675 2460 Hebr.
711 2423 743 2471 I,
768 2425 805 2462 3.
841 2420 878 2475 ᾗ.
904 2436 940 2461 2.
980 2437 1073 2461 cum
1109 2424 1322 2462 commoda
1358 2425 1493 2464 inter-

103 2489 336 2540 pretatione
353 2488 502 2526 iuvare
530 2503 574 2527 ac
604 2489 827 2529 defendere
861 2496 1044 2529 conatur.
1113 2490 1361 2530 Platlmerus
1391 2491 1492 2532 haec

108 2556 336 2594 adnotavit:
395 2555 586 2604 „Merula
607 2556 849 2596 Iudaeorum
883 2557 1159 2609 Nudipedalia
1189 2558 1376 2600 denotari
1400 2561 1493 2612 opi-

107 2628 248 2660 natur:
310 2623 381 2661 sed
432 2622 531 2661 haec
586 2631 704 2664 extra
765 2627 979 2664 sabbatum
1043 2626 1378 2677 celebrabantur,
1447 2635 1495 2667 ut

42 2711 57 2721 κ
108 2689 233 2729 tradit
263 2690 407 2744 Scalig.
446 2690 618 2731 Emend.
654 2694 799 2746 Tenip.
827 2694 900 2733 ΠΙ.
950 2693 1178 2733 Sabbatum
1217 2693 1257 2734 h.
1285 2695 1311 2734 l.
1350 2708 1495 2750 quam-
