1686 3089
457 171 533 214 IN
578 170 807 213 IVVEN.
858 171 992 213 SAT.
1027 174 1102 214 XI.
1386 174 1467 226 617

87 291 258 324 venuste
293 291 335 324 et
369 291 464 338 apte
491 287 539 325 ad
570 288 769 326 virtutem
803 288 944 327 militis
977 286 1303 327 adumbranda'm.
1379 292 1472 330 108.

91 352 212 391 Cous.
236 353 404 392 Casaub.
428 354 478 391 ad
505 355 616 394 Suet.
645 355 757 393 Caes.
781 369 813 394 c.
838 356 903 405 67.

207 433 295 472 109.
329 421 570 465 Ponebant,
621 423 874 474 apponebant
915 423 1033 471 olim,
1083 423 1259 475 farrata
1306 425 1470 474 cibaria,

91 487 200 525 cibos
235 502 257 525 e
292 488 425 536 farre,
473 488 653 539 pultem,
706 488 760 542 (v.
790 490 839 527 ad
868 490 962 537 VII,
1002 491 1094 527 185.
1143 495 1184 526 et
1214 491 1329 538 XtV,
1363 495 1470 539 171.)

90 554 134 592 in
158 558 318 603 οαίίηο,
354 569 447 593 vase
474 554 613 602 fictili,
646 559 797 596 Tusco:
827 556 1086 595 namfictilia
1111 556 1255 605 Tusca,
1283 564 1323 594 et
1347 573 1482 609 praef

91 622 211 673 cipue
240 623 454 669 Arretina,
497 627 613 658 erant
644 624 906 663 nobilissima.
952 637 992 662 v.
1031 624 1206 661 Martial.
1257 624 1374 671 XIV,
1404 629 1472 679 98.-

91 688 227 741 Intpp.
262 691 372 727 Pers.
404 689 458 737 II,
491 689 555 727 60.
593 695 635 726 et
666 690 792 728 Hard.
832 691 881 729 ad
915 690 1020 729 Plin.
1052 691 1237 739 XXXV,
1267 704 1326 730 12.
1350 706 1379 730 S.
1406 694 1472 732 46.

91 757 328 806 „Quaedam
359 762 520 794 exstant
559 755 683 794 hodie
724 759 798 795 sub
832 757 909 796 hoc
941 758 1129 806 nomine,
1176 772 1294 796 t'czses
1322 760 1476 797 Etrus-

92 837 214 875 ques:
261 838 360 876 quae
381 823 604 875 'antiquarii
629 825 791 877 nuperi,
834 827 974 864 forsan
997 839 1051 863 ex
1072 825 1230 864 levibus
1260 839 1478 876 argumen-

93 892 163 940 tis,
191 892 445 930 contendunt
469 906 555 931 esse
586 893 824 932 indistincte
852 899 894 931 et
923 893 1058 931 omnia
1082 893 1239 930 Graeca
1252 894 1290 940 ;“
1316 894 1478 933 Ach.-—-

96 972 186 998 110.
221 960 398 1006 Omnia,
455 975 556 1013 quae
602 969 701 998 tunc
740 961 937 1013 temporis
975 959 1236 1011 possidebant
1278 960 1478 1012 homines,

94 1040 223 1078 parvo
248 1028 434 1065 contenti
463 1034 504 1065 et
524 1028 654 1074 beati,
701 1028 757 1065 ita
784 1034 1013 1077 comparata
1042 1031 1180 1070 erant,
1211 1028 1340 1065 utiis
1365 1031 1480 1066 invi-

93 1093 186 1131 dere
214 1094 366 1144 possis,
394 1095 432 1131 si
461 1094 664 1131 lividulus
698 1095 756 1130 sis
767 1119 781 1136 ,
822 1092 857 1129 si
881 1092 947 1129 vel
967 1092 1178 1143 paululum
1202 1092 1253 1130 ad
1280 1094 1479 1136 invidiam

91 1161 287 1212 proclivis
331 1161 382 1198 sit
421 1161 588 1199 animus.
619 1182 674 1190 —
766 1159 1018 1197 111—-116-
1070 1160 1144 1197 Dii
1184 1173 1345 1212 quoque
1386 1164 1480 1215 ipsi,

97 1241 224 1280 quum
255 1228 389 1266 minus
418 1228 625 1266 luxuriosi
661 1233 796 1265 esseut
824 1225 1036 1275 homines,
1086 1227 1209 1278 magis
1235 1234 1351 1266 erant
1380 1243 1483 1281 pro-

92 1295 212 1347 pitii,
262 1301 302 1332 et
323 1296 392 1333 vel
413 1301 553 1334 vatum
586 1296 678 1333 loco
704 1294 960 1333 imminentia
990 1295 1330 1346 praenuntiabant
1363 1298 1480 1337 mala.

95 1362 244 1399 Sensus
271 1368 352 1399 est:
415 1361 600 1400 homines
631 1362 770 1414 paucis
794 1362 977 1399 contenti
1002 1362 1122 1412 longe
1147 1361 1383 1412 religiosius
1409 1366 1479 1403 vi-

95 1429 247 1467 vebant
279 1429 490 1481 multoque
524 1430 699 1467 cariores
729 1434 845 1466 erant
869 1428 969 1477 diis3
1032 1428 1194 1466 felicius
1221 1429 1417 1469 vivebant
1439 1438 1483 1471 et

93 1497 298 1534 securius:
347 1495 546 1548 quidquid
577 1497 685 1534 enim
708 1495 806 1533 boni
838 1495 1039 1546 contingit
1070 1496 1211 1544 nobis,
1261 1498 1397 1548 prisca
1414 1498 1484 1538 10..

95 1563 247 1616 quendi
270 1558 320 1600 ac¹
346 1563 550 1614 cogitandi
580 1563 740 1601 ratione
765 1563 857 1600 Diis
879 1561 1090 1601 tribuitur.
1152 1562 1216 1600 Cs.
1244 1563 1335 1602 loca
1357 1579 1483 1617 prae-

95 1632 204 1670 clara
225 1632 318 1670 Sen.
341 1629 503 1670 Consul.
528 1630 578 1669 ad
601 1631 723 1670 Helv.
748 1643 781 1668 c,
806 1644 866 1669 10.
891 1636 931 1667 et
950 1629 1079 1681 Epist.
1107 1631 1172 1669 31.
1194 1636 1300 1670 extr.
1348 1635 1481 1678 (Deos

90 1699 230 1751 finges
253 1712 336 1736 non
361 1712 489 1742 auro,
521 1712 603 1736 non
629 1706 826 1749 argento:
858 1711 941 1734 non
964 1705 1094 1747 polest
1125 1711 1173 1734 ex
1198 1697 1280 1735 Ιιαο
1307 1704 1485 1741 materia

101 1768 240 1817 imago
263 1766 354 1803 Deo
381 1767 558 1816 exprimi
598 1766 760 1802 similis.
819 1765 960 1814 cogita
991 1763 1105 1810 illos,
1147 1778 1272 1814 quum
1296 1771 1484 1819 propitii

100 1841 255 1876 essent,
295 1832 455 1880 fictiles
495 1833 675 1883 ficis-ce.)
715 1831 836 1869 Mart.
869 1829 991 1876 XJV,
1032 1830 1120 1877 178.
1172 1831 1326 1870 Tibull.
1358 1834 1389 1882 1,
1422 1848 1483 1885 10,

105 1912 154 1954 19
176 1913 257 1952 seq.
307 1904 348 1936 ct
381 1899 552 1937 Lucian.
590 1898 819 1949 Contempl.
856 1898 904 1935 T.
929 1897 960 1934 Ι.
995 1911 1035 1948 p.
1055 1898 1148 1936 505.
1184 1898 1245 1937 ed.
1272 1900 1403 1940 Reitz.
1429 1925 1484 1936 —

105 1967 364 2018 Templorum
398 1966 666 2017 Deorumque
699 1965 884 2004 maiestas
912 1971 1000 2002 erat
1021 1969 1304 2017 praesentior,
1357 1970 1485 2021 magis

101 2035 298 2088 propitia:
338 2047 432 2073 nam
463 2033 520 2070 dii
545 2033 688 2072 favent
716 2039 757 2071 et
782 2032 982 2070 auxilium
1010 2038 1235 2083 praestant,
1263 2048 1386 2086 quun]
1409 2037 1487 2076 ad-

102 2108 209 2141 sunt.
253 2101 373 2140 Cous.
398 2100 448 2138 ad
472 2099 546 2148 III,
574 2101 633 2139 18.
675 2101 720 2138 in
748 2100 845 2138 Var.
867 2099 984 2138 Lect.
1018 2099 1151 2139 Cerda
1189 2107 1232 2139 et
1261 2103 1412 2155 Heyne
1434 2103 1487 2144 ad

101 2170 217 2221 Virg.
240 2168 329 2207 Ecl.
355 2167 386 2216 I,
410 2169 474 2206 42.
504 2174 546 2205 et
571 2168 719 2218 Georg.
744 2168 778 2212 I,
809 2180 868 2205 10.

220 2249 294 2276 111
314 2257 366 2265 -—-
385 2233 472 2274 114.
512 2237 574 2273 M.
610 2236 830 2273 Caedicius
862 2235 911 2273 de
936 2236 1058 2287 plebe
1090 2238 1313 2276 nunciavit
1349 2240 1487 2278 tribu-

104 2361 196 2392 viam
216 2369 252 2390 se
281 2356 498 2389 demittentis
512 2380 522 2397 ‚
563 2363 602 2389 ut
625 2368 704 2388 cum
729 2368 767 2388 ea
823 2357 941 2398 Mars,
964 2355 1130 2398 Bellona,
1159 2357 1335 2400 Victoria,
1351 2361 1438 2406 quia
1451 2361 1492 2395 1ιὶ

105 2415 334 2455 concumbat,
358 2421 390 2444 et
408 2415 444 2445 iu
469 2417 543 2445 a'e‘re
570 2414 767 2458 pendentis.
825 2414 864 2445 in
900 2412 990 2446 bello
1038 2414 1180 2459 utrique
1210 2417 1317 2459 parti
1357 2416 1491 2464 favere

107 2473 331 2514 Lessingius:
377 2469 553 2512 (Laocoon
580 2483 609 2503 c.
629 2471 708 2504 VII.
734 2483 769 2514 p.
818 2471 998 2515 possunt)
1024 2479 1064 2503 ut
1097 2474 1282 2513 innuatur,
1334 2475 1493 2509 victorias

107 2529 150 2563 81
175 2540 247 2571 seq.
285 2528 339 2560 ed.
366 2539 436 2559 sec.
459 2528 520 2560 ubi
543 2529 625 2560 illos
657 2528 770 2560 resel-
827 2530 988 2571 propriae
1026 2530 1140 2571 potius
1174 2531 1293 2562 virtuti
1328 2529 1493 2565 trihuen-

107 2587 168 2630 lit)
202 2586 347 2625 incerti,
383 2584 502 2625 dubii,
531 2587 586 2617 vel
607 2597 771 2617 commu-
830 2587 890 2619 das
922 2597 1018 2627 esse,
1072 2597 1178 2628 quam
1210 2587 1318 2620 dubio
1359 2591 1492 2622 auxilio

109 2646 184 2684 nis,
223 2644 308 2676 coll.
339 2642 462 2676 Servio
493 2642 537 2675 ad
566 2642 663 2685 Virg.
686 2642 774 2677 Aen.
831 2642 910 2684 dei,
943 2642 1052 2676 modo
1071 2644 1124 2677 his
1147 2644 1260 2679 modo
1278 2647 1355 2680 inis
1377 2648 1495 2692 parti-

102 2699 206 2741 xm,
229 2699 304 2734 118.
349 2699 432 2742 (Dii
458 2711 661 2735 communes
688 2707 776 2734 sunt
830 2700 1077 2746 bnassaventis.
