1686 3089
841 611 934 652 IN

360 715 1416 780 SATIRAM'IV.

334 1095 367 1123 1.
425 1048 561 1125 Eece
591 1095 632 1126 et
657 1105 706 1128 en
729 1091 777 1129 de
800 1105 845 1129 re
869 1097 959 1128 tum
981 1089 1109 1138 mira,
1151 1096 1239 1127 tum
1263 1091 1396 1128 subita
1427 1096 1466 1126 et
1500 1090 1586 1128 im-

201 1150 381 1198 provisa.
442 1154 506 1192 Cf.
531 1155 697 1195 Ernesti
723 1159 822 1197 clav.
851 1159 934 1196 Cic.
994 1158 1225 1209 Abruptum
1253 1157 1492 1204 exordium,
1539 1162 1589 1195 ut

203 1215 282 1253 saf-
306 1218 337 1264 I,
364 1232 395 1256 1·
449 1222 555 1259 Eece
592 1225 812 1275 Crispinus
846 1227 930 1264 scil.
962 1226 1097 1273 adest,
1135 1225 1203 1262 vel
1242 1226 1459 1275 Crispinus
1507 1227 1586 1262 ite-

200 1296 292 1333 rum
311 1293 350 1321 et
371 1300 492 1338 Saepe
515 1290 621 1327 mila·
648 1295 858 1331 vocandus
880 1303 938 1332 est
963 1297 1006 1330 in
1026 1301 1183 1344 partes.
1246 1291 1310 1329 Cs.
1336 1292 1480 1329 Horat.
1506 1292 1587 1329 Sat.

200 1348 233 1396 I>
258 1352 293 1400 4,
323 1354 382 1392 13-
414 1357 473 1394 14.
590 1361 739 1401 inrum
777 1362 818 1399 C.
854 1361 1044 1413 quoniam
1077 1349 1163 1408 ejus
1192 1359 1343 1397 mentio
1372 1359 1479 1396 sacta
1501 1372 1589 1410 sup.

204 1416 286 1454 Sat.
311 1420 342 1467 I,
367 1423 420 1459 26
451 1437 531 1476 seq.
555 1427 627 1464 ubi
660 1441 698 1465 v.
732 1434 816 1465 not.
932 1437 990 1465 est
1019 1427 1149 1471 mihi,
1189 1441 1212 1464 a
1247 1440 1336 1476 me,
1375 1440 1496 1476 saepe
1516 1439 1592 1463 νο-

205 1486 365 1523 candus
386 1490 444 1526 acl
462 1502 607 1542 partes
630 1496 765 1544 operis
787 1496 868 1532 mei
892 1501 932 1531 et
960 1496 1002 1531 in
1025 1508 1184 1531 scenam
1218 1494 1332 1545 quasi
1356 1493 1594 1544 producen-J

205 1549 300 1601 dus,
341 1564 472 1595 sumta
494 1560 751 1610 metaphora,
789 1561 897 1612 quod
921 1561 990 1598 alii
1010 1561 1089 1598 iam
1114 1575 1337 1604 monuere,
1381 1575 1403 1597 a
1427 1574 1594 1598 comoe-

206 1617 286 1657 diis
324 1628 366 1659 et
400 1637 539 1675 scena,
606 1629 676 1665 ubi
710 1628 931 1665 histriones
966 1628 1138 1679 primas,
1189 1628 1402 1675 secundas,
1451 1629 1593 1666 tertias

203 1695 340 1738 partes
364 1699 497 1741 agunt.
557 1695 624 1732 Sic
650 1702 692 1732 et
708 1698 914 1733 Hernicos
947 1696 1005 1733 acl
1026 1704 1170 1746 partes
1196 1704 1369 1745 paratos
1391 1695 1497 1732 dixit
1515 1695 1596 1732 Li-

205 1755 296 1792 vius
321 1756 396 1806 ΙΙΙ,
426 1773 484 1798 10.
577 1774 614 1800 2.
627 1761 847 1800 J-edeJmmn
871 1763 1022 1813 captivi
1046 1768 1115 1799 aut
1140 1763 1248 1800 servi
1266 1763 1394 1799 instar
1416 1777 1442 1799 α
1463 1764 1595 1810 vitiis,

205 1823 255 1860 ab
278 1837 419 1863 eorum
441 1834 662 1878 potestate,
702 1832 821 1868 nulla
856 1834 1031 1874 virtute,
1077 1836 1283 1881 tamquam
1314 1830 1473 1880 pretio:
1512 1830 1593 1867 nisi

205 1893 342 1942 malis,
384 1896 453 1947 qui
474 1910 526 1934 ne
549 1898 633 1934 ulla
655 1897 818 1949 quidem
842 1897 995 1934 virtute
1017 1898 1116 1935 vitia
1139 1896 1328 1944 redimit,
1358 1895 1397 1933 h.
1422 1910 1456 1933 e.
1477 1911 1592 1934 com-

203 1968 357 2011 pensat,
388 1969 434 2000 ut
454 1978 515 2016 ap.
538 1966 677 2002 Senec.
705 1971 887 2014 excerpt.
908 1970 1092 2002 controv.
1114 1966 1150 2002 4.
1177 1971 1282 2001 extr.
1383 1965 1421 2002 3.
1453 1978 1591 2015 aeger,

204 2028 393 2067 infirmus
404 2061 414 2079 ,
455 2040 689 2079 enervatus,
729 2032 873 2069 debilis
895 2038 936 2068 et
967 2032 1100 2069 animo
1136 2038 1176 2068 et
1202 2045 1384 2083 corpore.
1505 2032 1596 2069 sola

205 2099 384 2137 libidine
401 2101 560 2151 sortiS,
602 2106 648 2136 ut
671 2114 730 2150 ap.
755 2099 896 2136 Senec.
923 2098 1118 2137 Controv.
1142 2100 1174 2136 I.
1211 2114 1250 2150 p.
1286 2099 1349 2137 62.
1382 2101 1454 2136 istc·
1485 2099 1596 2136 vulsi

207 2177 330 2220 atque
365 2169 539 2219 expoliti
570 2176 607 2204 et
643 2181 847 2218 nusquam
856 2194 869 2211 ,
911 2169 995 2203 nisa·
1030 2169 1076 2202 in
1111 2166 1309 2213 libidine,
1347 2168 1441 2203 riri.
1462 2189 1516 2197 —
1556 2166 1594 2203 4.

207 2237 403 2274 Delicias
433 2235 610 2279 viduae,
636 2247 836 2274 -amorem
882 2233 1123 2279 viduarum,
1189 2234 1466 2283 [td-spernatur
1498 2241 1596 2270 tan-

207 2313 315 2353 tam,
363 2304 464 2341 solas
495 2309 674 2340 sectatur
708 2306 876 2352 nupt-233
930 2300 983 2337 H.
1018 2300 1153 2337 Vales.
1204 2300 1314 2338 sorte
1345 2306 1387 2336 et
1422 2299 1598 2350 Grang.,

210 2373 279 2426 qui
304 2377 466 2414 monet,
518 2370 660 2408 viduas
691 2370 882 2406 universe
919 2367 1022 2414 dici,
1076 2381 1177 2418 quae
1208 2368 1287 2405 sint
1314 2368 1400 2404 sine
1435 2367 1596 2414 marito,

210 2442 391 2492 adeoque
436 2445 475 2477 et
508 2452 608 2489 quae
644 2449 864 2487 numquam
895 2435 1119 2486 nupserint.
1186 2435 1399 2486 Plerique,
1452 2434 1599 2485 quibus

205 2510 329 2553 Hein.
364 2506 654 2557 adstipulatur,
704 2508 917 2553 exponunt
950 2502 1025 2539 ita:
1078 2503 1297 2553 voluptatis
1321 2501 1444 2552 gratia
1482 2514 1599 2537 moe-

210 2577 375 2623 chatur,
413 2588 494 2611 non
517 2573 632 2610 lucri.
692 2570 924 2608 Conserunt
950 2570 982 2617 I,
1008 2570 1074 2620 39.
1102 2575 1144 2606 et
1172 2569 1345 2607 Marn'al.
1368 2568 1443 2615 XI,
1470 2569 1534 2613 88,
1558 2567 1596 2604 3.

211 2646 357 2698 quibus
379 2642 478 2679 locis
506 2639 554 2676 de
583 2639 728 2676 vetulis
739 2667 749 2686 ,
787 2651 871 2675 non
905 2636 1062 2684 viduis,
1104 2650 1236 2674 sermo
1273 2642 1343 2673 est.
1416 2637 1596 2671 Tantam.

206 2713 370 2752 adulter
394 2715 471 2756 est,
510 2720 592 2744 non
617 2706 738 2744 etiam
768 2710 993 2744 scortator:
1043 2704 1209 2743 maioris
1254 2709 1393 2742 autem
1415 2702 1605 2740 licentiae
