1686 3089
491 161 568 203 IN
609 159 845 204 IVVEN.
884 157 1024 201 sA‘r.
1068 161 1141 202 m.
1425 155 1505 209 157

123 275 356 318 re'verbum
385 277 573 326 forense,
613 283 659 315 ut
685 277 784 315 clare
817 285 960 319 teste-9,
1004 276 1186 319 iudices,
1240 276 1510 326 cognitorem,'

122 347 263 390 litem,
313 346 544 399 iudicium,
592 347 868 397 cognitionem
909 350 985 393 cet·
1118 344 1298 392 Hospes,-
1321 343 1508 379 numinis

122 413 263 458 idaei,
303 414 347 451 Ρ.
375 413 588 452 Cornelius
622 413 758 463 Scipio
781 411 949 459 Nasica,
990 410 1081 463 qui,
1119 424 1141 447 a
1170 414 1312 446 senatu
1344 410 1409 446 vir
1429 422 1507 459 op-

121 481 246 517 timus
269 480 319 518 de
338 487 426 518 toto
440 481 599 532 populo
622 480 741 519 Rom.
762 479 991 528 iudicatus,
1034 477 1295 515 simulacrum
1331 482 1372 512 et
1395 488 1508 513 sacra

122 545 269 585 Matris
292 548 450 596 Deum,
499 562 521 585 e
557 547 736 599 Phrygia
767 546 955 594 advecta,
1006 545 1187 596 hospitio
1210 543 1392 594 excepit,
1438 543 1511 590 (ut

125 613 224 651 olim
252 616 464 653 Abinadab
487 621 528 652 et
569 614 688 665 Obed
722 614 857 652 Edom
887 628 1020 652 arcam
1060 612 1261 659 foederis,
1300 611 1512 649 oraculum

123 681 363 734 signumque
387 683 639 734 praesentiae
663 682 846 730 divinae,
891 694 906 720 1
938 683 1042 720 Sam.
1067 679 1162 727 VII,
1190 693 1222 717 1.
1259 691 1282 716 2
1309 679 1412 715 Sam.
1437 679 1513 723 VI,

130 761 180 787 10
216 754 330 801 seq.)
364 757 405 788 et
438 749 585 787 deinde
622 750 818 800 templum
850 750 963 787 Deae
1004 748 1212 786 conditum
1247 746 1513 784 consecravit.

127 814 192 853 Cf.
215 816 308 854 Liv.
331 817 498 865 XXIX,
526 818 586 854 14.
609 817 795 864 XXXV,
828 830 886 854 10.
921 824 961 854 et
978 817 1083 854 Plin.
1108 815 1204 862 VII,
1226 815 1291 852 34.
1415 814 1514 851 Nu-

125 896 195 920 ma
217 897 315 932 rex,
352 885 418 922 vir
439 885 683 922 iustissimus
706 884 896 935 idemque
918 883 1261 934 religiosissimUS,
1287 881 1515 919 instructus

124 949 340 1001 disciplina
369 953 510 989 tetrica
543 965 588 988 ac
619 952 731 989 tristi
767 957 954 989 veterum
991 952 1256 996 Sabinorum3
1307 949 1417 1001 quod
1449 948 1518 987 vel

125 1017 330 1056 tironibus
354 1025 497 1056 notum
517 1033 539 1056 e
562 1019 656 1056 Liv.
683 1019 717 1067 I,
749 1020 808 1056 18.
832 1040 886 1046 ——
941 1020 1030 1070 139.
1063 1018 1198 1055 Intell.
1227 1017 1277 1054 L.
1312 1017 1515 1055 Caecilius

126 1084 321 1123 Metellus
338 1086 429 1124 Cos.
444 1087 492 1122 A.
507 1086 560 1123 U.
573 1086 670 1123 DII.
696 1093 736 1124 et
750 1087 866 1131 DV[,
892 1087 1095 1132 Dictator,
1122 1085 1227 1135 Mag.
1249 1083 1324 1136 Eq.
1349 1091 1388 1122 et
1401 1085 1516 1123 Pon-

127 1153 232 1190 tifex
258 1154 368 1191 Max.
384 1183 394 1200 ‚
421 1155 502 1205 qui,
533 1167 659 1205 quum
679 1153 907 1191 Palladium
932 1168 986 1192 ex
1009 1152 1201 1191 incendio
1223 1153 1331 1190 aedis
1364 1153 1517 1191 Vestae

126 1227 307 1270 raperet,
355 1222 494 1259 oculos
525 1221 679 1269 amisit,
726 1220 835 1258 unde
869 1221 942 1267 VI,
977 1221 1070 1259 265.
1107 1234 1248 1257 coeca-s
1289 1219 1452 1257 dicimr.
1477 1215 1518 1240 ²⁵

131 1289 313 1338 Trepida
337 1288 504 1340 fingitur
523 1290 714 1326 Minerva
737 1288 890 1340 templo
911 1289 1080 1325 ardente
1093 1315 1105 1331 ,
1159 1293 1330 1338 propter
1351 1288 1519 1338 pericu-

128 1353 215 1392 lum
238 1362 279 1392 et
301 1370 443 1403 suum,
486 1362 528 1392 et
547 1355 666 1393 Rom.
694 1355 882 1406 imperii,
930 1356 1045 1392 cuius
1068 1356 1212 1406 pignus
1253 1360 1341 1391 erat
1362 1356 1517 1392 Palla-

130 1425 272 1467 dium,
313 1423 363 1461 de
389 1437 467 1474 quo
492 1436 529 1461 v.
558 1421 770 1460 Creuzer's
796 1423 1009 1472 Symbolik
1031 1423 1080 1459 T.
1113 1422 1165 1459 ΙΙ.
1208 1435 1246 1472 p.
1274 1422 1366 1459 514.

248 1513 335 1551 140.
363 1515 570 1550 Protenas
608 1512 666 1549 ad
689 1526 852 1550 censum
887 1511 1018 1550 oratio
1054 1510 1257 1559 flectitur,
1304 1506 1522 1550 confestim

130 1578 368 1632 quaeritur,
422 1586 589 1630 quantas
616 1580 821 1631 possideat
852 1579 978 1631 opes'?
1020 1577 1084 1617 Cf.
1119 1578 1205 1616 Cic.
1243 1578 1322 1616 Off.
1365 1579 1417 1627 II,
1454 1592 1518 1618 20.

132 1654 239 1685 extr.
353 1649 401 1685 cle
426 1647 606 1685 moribus
631 1648 779 1686 ultima
797 1648 879 1695 fiet
915 1649 1124 1699 quaestio,
1167 1647 1218 1683 cs.
1254 1647 1355 1684 Hor.
1389 1647 1522 1698 Epist.

133 1715 165 1764 I,
191 1729 223 1764 1,
250 1716 300 1753 53
323 1729 404 1768 seq.
427 1736 483 1744 -—
530 1716 619 1752 141.
646 1716 806 1753 Primae
830 1700 1086 1766 quaestiones
1110 1720 1222 1759 sunt,
1263 1722 1359 1765 quot
1378 1716 1523 1764 pasc-it

133 1796 269 1820 seruos
302 1789 378 1820 cet.
435 1783 619 1821 Divitiae
654 1783 776 1819 etiam
812 1796 865 1819 ex
888 1795 1061 1819 numero
1089 1795 1300 1818 servorum
1335 1782 1525 1819 aestima—

135 1850 296 1888 bantur.
333 1853 500 1902 paseit,
556 1850 651 1897 alit,
687 1856 735 1887 ut
770 1849 874 1896 VII,
909 1849 970 1897 76.
998 1851 1063 1900 93.
1095 1849 1173 1890 IX,
1210 1848 1273 1896 67.
1310 1841 1398 1887 136.
1429 1847 1525 1897 XII,

137 1920 203 1956 28.
233 1920 462 1968 Paropos,
502 1919 709 1970 παροψῖς,
750 1930 842 1965 vas,
878 1917 921 1954 in
947 1930 1026 1968 quo
1064 1917 1234 1968 opsonia
1253 1923 1524 1967 apponuntur,

138 1988 299 2040 patina,
340 1986 449 2023 lanx.
478 1985 542 2023 Cf.
562 1986 661 2023 Var.
681 1985 799 2022 Lect.

259 2084 346 2121 1113.
384 2083 421 2119 4.
483 2082 730 2134 Comparant
778 2081 924 2118 Horat.
977 2080 1059 2118 Sat.
1115 2080 1150 2124 I,
1206 2093 1237 2125 ¹,
1289 2080 1353 2119 62.
1404 2082 1526 2121 Ovid.

141 2151 248 2189 Fast.
274 2149 309 2195 I,
345 2162 437 2197 217.
468 2152 504 2188 8.
537 2155 579 2187 et
619 2150 666 2186 al.
724 2149 937 2195 Lucilius,
980 2162 1004 2186 a
1035 2154 1117 2186 vet.
1150 2147 1285 2185 Schol.
1316 2148 1527 2188 laudatus:

142 2218 304 2257 Aurum
325 2227 446 2269 atque
471 2218 642 2255 ambitio
667 2219 873 2268 specimen
906 2217 1075 2253 virtutis
1103 2217 1264 2266 utrique
1296 2225 1379 2259 est,
1414 2218 1527 2254 Tan-

144 2295 233 2324 tum
267 2286 443 2330 habeas,
489 2294 653 2324 tantam
688 2288 775 2336 ipse
808 2286 888 2320 sies
930 2285 1120 2335 tantique
1152 2281 1376 2329 llabearc's5
1428 2298 1531 2334 quae

143 2355 269 2392 verba
290 2354 487 2392 Horatius
512 2353 538 2390 l.
562 2366 594 2390 c.
617 2359 709 2390 ante
731 2352 868 2391 oculos
891 2350 1081 2388 habuisse
1101 2349 1279 2387 videtur.
1348 2351 1425 2387 144
1448 2364 1530 2403 seq.

145 2421 334 2473 Pauperi,
352 2421 473 2459 etiam
493 2421 658 2468 iuranti,
678 2421 791 2458 nulla
810 2419 910 2456 fides
929 2418 1115 2456 habetur.
1237 2418 1346 2453 iures
1370 2432 1468 2476 arcis
1489 2417 1529 2455 h.

148 2504 181 2528 e.
205 2501 279 2541 per
300 2502 406 2536 aras,
449 2502 546 2540 quas
575 2488 758 2527 iurantes
791 2487 1030 2538 tangebant,
1079 2485 1140 2532 (v.
1175 2483 1226 2521 ad
1261 2484 1380 2533 XIV,
1414 2487 1534 2538 219.)

201 2651 254 2686 25.
274 2665 305 2685 v.
330 2651 422 2685 Pliu.
445 2651 526 2695 VII,
550 2651 606 2685 43.
629 2652 814 2698 Liv.Ep·=t.
873 2650 955 2683 sen.
1006 2648 1169 2683 Controv.
1211 2649 1272 2691 lV,
1332 2661 1365 2683 2.
1412 2651 1533 2685 valer.

158 2709 251 2743 XIX.
298 2709 403 2743 ovid.
427 2710 518 2743 Fast.
552 2710 614 2754 VI,
648 2710 715 2756 437
749 2721 823 2753 seq.
879 2706 1021 2747 Max.1‚
1048 2705 1080 2739 5.
