1686 3089
202 181 285 227 688
601 176 1181 219 COMMENTARIVS

208 297 245 335 5.
269 311 298 334 s,
321 294 415 335 32.“
474 293 537 332 Cf.
561 307 650 346 sup.
673 294 772 337 XII,
802 292 866 343 96.
896 292 1001 329 Plin.
1027 287 1082 337 X,
1118 291 1182 329 56.
1213 305 1241 329 s,
1272 303 1335 341 77.
1369 297 1411 329 et
1442 291 1590 329 Iacobs

206 365 257 402 ad
290 364 457 415 Anthol.
490 362 562 399 Gr.
591 362 640 399 T.
672 361 723 398 II.
751 361 794 397 P.
818 359 849 396 I.
869 372 907 409 p.
939 369 1027 397 122.
1052 359 1118 395 De
1136 360 1387 410 Aesculapio
1411 361 1581 411 eiusque

204 430 379 470 historia
414 429 590 482 mythice
629 442 662 466 v.
692 424 904 465 Creuzer’s
925 425 1138 477 Symbolik
1172 426 1219 462 T.
1248 426 1299 464 II.
1328 441 1366 477 p.
1395 428 1474 466 248
1500 440 1582 478 seq.
1606 414 1609 415 ⁷

201 499 298 538 286.
331 499 412 537 336
434 512 513 549 seq.
558 497 632 544 III,
658 496 738 534 248
761 507 841 544 seq.
868 515 920 522 -—
982 494 1073 532 235.
1107 493 1253 543 Magna
1287 506 1380 531 cum
1402 494 1444 531 vi
1465 499 1585 543 poeta

207 566 334 612 dicit,
378 567 553 603 hostiam
566 591 579 608 ,
620 568 659 599 et
686 560 849 612 quidem
878 573 1171 611 quamcumque
1198 573 1242 597 ac
1271 560 1339 598 vel
1367 560 1588 608 minimam,

206 637 298 673 wita
347 634 579 684 digniorem
618 641 702 667 esse
735 628 931 666 scelerato
965 626 1157 677 homine,
1195 641 1271 680 pro
1311 628 1425 666 cuius
1455 627 1586 666 salute

194 707 406 743 voveatur.

314 778 564 829 236--24q.
623 775 826 814 Ultimum
847 776 1135 814 consolationis
1166 782 1432 814 momentum.
1466 773 1584 822 „Hoc

207 848 463 902 potissimum
487 851 550 883 est
569 843 618 882 ad
641 844 957 882 consolationem
981 843 1164 881 Calvini:
1194 843 1251 880 ait
1286 844 1392 881 enim
1407 841 1584 890 ,smalo-

198 929 290 955 rum
323 915 476 953 variam
509 919 550 949 et
587 912 782 949 mobilem
813 925 898 948 esse
926 918 1140 959 naturam,
1173 916 1219 948 ut
1254 910 1304 949 ad
1335 908 1584 962 peccandum

199 988 435 1022 constantes
472 979 572 1027 sint,
627 992 807 1030 moxque
847 986 1012 1029 peracto
1042 979 1194 1016 scelere
1231 992 1303 1016 sua
1341 980 1586 1027 cognoscant

197 1050 438 1096 malefacta,
479 1046 551 1084 sed
582 1052 719 1084 tamen
757 1045 916 1083 Natura
950 1046 1186 1096 impellente
1212 1046 1261 1082 ad
1285 1046 1458 1096 pristina
1485 1044 1588 1081 vitia

199 1131 242 1155 se
265 1116 428 1163 redire3
452 1113 567 1152 unde
587 1113 762 1163 colligit,
805 1112 1038 1164 improbum
1060 1113 1266 1152 hominem
1292 1113 1415 1150 toties
1439 1123 1586 1158 pecca—

196 1190 357 1231 turum,
398 1188 444 1220 ut
482 1180 701 1233 aliquando
741 1179 1071 1231 deprehendatur
1117 1181 1331 1233 solvatque
1376 1175 1588 1231 poenas;“

195 1250 424 1292 BRITAN.
486 1248 645 1286 Natura
669 1253 804 1286 autem
825 1248 1024 1285 malorum
1056 1247 1271 1287 hominum
1308 1247 1470 1299 egregie
1499 1245 1537 1282 h.
1558 1244 1584 1282 Ι.

196 1333 241 1358 ac
271 1331 369 1356 vere
394 1315 668 1354 adumbratur.
783 1315 875 1353 236.
899 1316 996 1353 Hoc
1017 1315 1170 1353 liabent
1201 1318 1308 1352 iuter
1327 1323 1464 1353 cetera
1489 1313 1588 1350 boni

198 1399 352 1429 moreS,
383 1385 556 1435 placent
580 1383 665 1419 sihi
688 1390 725 1419 et
738 1391 1008 1432 permanent..-
1041 1384 1143 1420 levis
1163 1391 1222 1419 est
1243 1384 1436 1429 malitia,
1462 1393 1585 1431 saepe

200 1462 396 1499 munitur,
427 1464 509 1487 non
533 1452 577 1486 in
598 1450 759 1492 melam,
788 1450 861 1486 secl
890 1451 935 1486 in
960 1449 1094 1493 aliud,
1123 1450 1214 1486 Sen.
1235 1448 1311 1500 Ep.
1325 1450 1388 1498 47.
1415 1456 1583 1491 natura,

192 1519 353 1558 indoles
378 1518 523 1562 animi,
552 1529 710 1561 mores,
737 1515 876 1552 Germ.
909 1516 1143 1552 Chat-aeter.
1215 1517 1417 1553 malorum
1445 1514 1581 1552 homi-

192 1600 304 1625 num.
391 1585 482 1634 939.
509 1584 603 1620 240.
635 1580 698 1618 Cf.
723 1581 864 1619 Horat.
893 1582 1023 1632 Epist.
1049 1582 1079 1630 Ι,
1108 1595 1168 1630 10,
1193 1583 1256 1621 24.
1287 1583 1352 1620 25.
1411 1583 1586 1619 Natura

191 1654 273 1692 iam
299 1653 405 1691 sacta
422 1651 539 1697 fixa,
573 1654 759 1686 constans
787 1648 831 1686 in
850 1648 977 1696 vitio,
1008 1658 1046 1686 et
1070 1651 1226 1686 mutari
1251 1651 1416 1692 nescia,
1456 1647 1584 1685 obfir-

192 1727 303 1759 mata
337 1716 630 1756 consuetudine
665 1714 887 1766 peccandi,
922 1729 1042 1765 quani
1063 1715 1140 1753 sibi
1163 1716 1368 1752 contraxit
1392 1728 1504 1753 mens
1532 1712 1585 1752 ad

191 1789 295 1827 vitia
331 1785 526 1838 proclivis
555 1795 780 1834 eorumque
812 1781 1026 1820 dulcedine
1058 1783 1138 1820 iam
1168 1782 1330 1820 irretita
1359 1789 1399 1820 et
1425 1783 1468 1819 in
1501 1781 1584 1819 illis

191 1855 351 1893 abiecto
377 1852 488 1890 omni
514 1851 673 1903 pudore
700 1848 946 1887 confirmata.
1007 1848 1127 1889 Cons.
1156 1850 1206 1888 ad
1229 1850 1325 1894 VII,
1360 1851 1412 1888 50
1435 1862 1516 1900 seq.
1543 1854 1584 1887 et

188 1921 336 1961 Horat.
360 1920 490 1970 Epist.
523 1919 555 1967 I,
586 1931 645 1966 10,
676 1918 739 1956 24.
767 1918 830 1955 25.
890 1917 954 1953 Ex
988 1918 1198 1955 voluntate
1228 1932 1426 1968 perversa
1449 1918 1583 1968 fricta

189 1998 250 2027 est
285 1987 439 2035 libido,
475 1995 513 2023 et
535 1986 634 2023 dum
668 1985 844 2021 servitur
866 1983 1063 2030 libidini,
1087 1986 1210 2034 sueta
1234 1993 1293 2022 est
1320 1984 1580 2028 consuetudo,

189 2065 230 2095 et
260 2057 358 2093 dum
387 2052 678 2092 consuetudini
719 2065 802 2088 non
833 2053 1064 2096 resistitur,
1111 2053 1232 2102 facta
1258 2060 1318 2089 est
1343 2054 1579 2096 necessitas,

191 2122 410 2174 Augustini.
451 2118 635 2157 consess.
675 2117 792 2162 VIII,
832 2120 869 2157 5.
899 2139 955 2147 --
1038 2120 1132 2156 242.
1163 2121 1312 2157 attrita
1351 2120 1399 2157 cle
1425 2121 1579 2170 fronte,

187 2190 228 2229 11.
257 2205 291 2228 e.
317 2190 418 2227 dura
442 2194 483 2225 et
503 2185 785 2225 inverecunda
807 2186 874 2223 vel
893 2185 1061 2238 pudoris
1084 2193 1266 2238 experte.
1324 2187 1391 2224 Sic
1418 2192 1460 2224 et
1477 2200 1579 2237 per-

177 2260 344 2310 fiicare
371 2258 560 2308 sfrontem
596 2259 638 2291 et
665 2267 708 2290 os
745 2251 900 2290 dicitur
926 2267 1026 2304 pro,
1068 2253 1270 2306 pudorem
1305 2253 1511 2306 deponere
1536 2257 1579 2292 et

192 2324 403 2377 expellere
421 2323 488 2362 vel
512 2323 657 2360 eiicere
687 2321 801 2374 quasi
819 2320 871 2359 de
901 2320 1041 2360 fronte
1065 2322 1279 2360 attritione
1306 2322 1406 2360 eius.
1430 2316 1471 2341 ²⁸

1483 2444 1578 2483 244.

232 2577 290 2612 28.
311 2590 342 2610 v.
363 2578 407 2611 ad
429 2578 474 2620 ΙΙ,
495 2577 529 2612 8.
554 2578 628 2613 Cic.
651 2577 755 2614 Tusc.
777 2577 848 2622 Qu.
904 2589 967 2612 vus
986 2590 1040 2622 ap.
1059 2576 1210 2621 Quintil.
1241 2575 1301 2619 IX,
1325 2588 1355 2618 9,
1374 2575 1428 2610 25.
1453 2585 1487 2610 et
1505 2577 1576 2620 Er:-

184 2635 254 2677 111,
279 2633 330 2668 18.
356 2635 510 2671 Martial.
533 2636 596 2680 XI,
616 2637 670 2679 28,
690 2648 722 2682 7.
762 2634 848 2670 Cal·
904 2639 994 2673 nesti
1013 2636 1101 2684 ⁴3¹3an
1123 2634 1197 2679 Cic.
1219 2647 1251 2670 ν.
1267 2633 1483 2681 Ρθζῇιόανε.
