1686 3089
190 258 208 261 -
217 244 1290 267 ψω-ο--Μ--ω

737 553 826 591 ΙΝ

263 663 922 719 ὃΑΤΙΙίΑ

998 665 1057 718 M
1215 665 1285 719 V.

221 1061 291 1099 Vs.
337 1075 352 1100 1
374 1084 425 1093 -—
441 1064 477 1102 5.
537 1029 769 1103 Sententia
789 1065 937 1103 horum
958 1064 1179 1102 verborum
1193 1094 1203 1112 ‚
1243 1067 1389 1117 quibus
1413 1069 1481 1120 ip-

95 1141 185 1167 sum
212 1129 368 1168 satirae
395 1138 688 1182 argumentum
724 1133 1012 1175 continentur,
1052 1138 1115 1168 est
1145 1131 1266 1171 haec:
1309 1135 1483 1173 Parasiti

93 1209 117 1232 a
137 1195 330 1235 divitibus
352 1205 432 1236 tam
454 1200 723 1249 ignominiose
750 1205 1003 1247 tractantur,
1040 1205 1087 1236 ut
1122 1200 1212 1237 fieri
1242 1215 1323 1239 non
1341 1204 1483 1253 possit,

94 1263 196 1314 quin
223 1263 407 1303 homines
452 1267 648 1317 ingenuos
684 1268 921 1318 parasiticae
955 1265 1108 1317 pudeat
1139 1268 1272 1305 vitae:
1324 1276 1482 1309 tantum

95 1330 236 1379 abest,
273 1338 320 1369 ut
341 1334 430 1384 quis
454 1334 624 1372 iniurias
647 1335 734 1372 illas
764 1334 966 1385 patienter
989 1334 1115 1381 serat,
1166 1336 1233 1372 vel
1255 1336 1354 1375 adeo
1378 1337 1484 1376 hane

96 1397 221 1436 vitam
257 1406 375 1450 putet
404 1415 607 1439 summum
644 1402 794 1438 bonum
831 1415 928 1438 esse.
995 1400 1140 1438 Nihilo
1176 1408 1313 1441 tamen
1351 1406 1484 1443 secius

95 1478 181 1504 non
200 1465 370 1504 deerant
394 1473 490 1506 tunc
516 1469 713 1519 temporis
738 1467 943 1505 eiusmodi
973 1466 1173 1505 homines.
1228 1470 1341 1509 Hinc
1362 1479 1485 1523 poeta

95 1535 253 1571 'summa
285 1536 328 1572 vi
368 1541 411 1572 et
430 1535 709 1586 indignatione
737 1536 874 1586 ipsum
903 1535 1127 1586 alloquitur
1159 1540 1403 1587 parasitum:
1441 1541 1487 1578 Si

96 1600 276 1639 ahenum
298 1616 444 1653 panem
468 1602 683 1641 comedere
718 1609 760 1640 et
783 1605 1069 1654 propositum,
1116 1602 1156 1642 h.
1196 1618 1229 1642 e.
1262 1593 1369 1643 ritae
1391 1613 1486 1645 tuae

97 1670 300 1708 rationem
319 1676 359 1707 et
384 1670 617 1708 institutum
637 1671 851 1722 persequi,
904 1671 1111 1719 nondum,
1158 1685 1282 1723 quum
1309 1673 1391 1713 iam
1415 1675 1489 1713 diu

99 1736 158 1774 ita
179 1738 357 1785 vixeris,
394 1746 431 1775 te
462 1738 596 1788 pudet
629 1752 673 1775 ac
712 1738 872 1786 taedet,
919 1743 960 1775 et
982 1738 1017 1775 si
1054 1752 1182 1790 aequo
1207 1745 1326 1791 potes
1350 1744 1488 1781 animo

99 1805 186 1856 pati
222 1804 387 1856 indigna
425 1805 517 1853 illa,
561 1819 663 1856 qnae
706 1806 884 1856 parasito
921 1804 1093 1842 serenda
1127 1812 1243 1854 sunt,
1282 1809 1350 1846 vel
1386 1809 1488 1847 adeo

101 1871 208 1911 hanc
230 1873 356 1910 vitam
378 1879 520 1924 putare
545 1873 724 1921 beatam3
764 1881 943 1910 metuam
968 1868 1111 1924 (praes
1134 1871 1258 1924 coni.)
1296 1876 1377 1912 tibi
1401 1891 1490 1914 cre-

103 1940 196 1979 dere
225 1942 320 1979 cestb'
343 1942 532 1992 quamvis
556 1942 718 1983 iurato,
751 1940 934 1991 quamvis
972 1940 1106 1977 iures:
1147 1955 1239 1978 nam
1260 1942 1318 1979 ita
1338 1957 1492 1982 veren-

104 2007 202 2045 dum
225 2013 305 2055 est,
343 2020 396 2044 ne
425 2008 606 2058 periuria
631 2007 698 2045 vel
731 2021 1027 2059 quamcumque
1058 2007 1358 2048 inhonestatem
1386 2012 1494 2050 nulli

105 2074 252 2114 habeas
272 2075 474 2125 religioni.
498 2072 513 2091 ¹
577 2087 615 2112 2.
645 2076 781 2113 virere
812 2075 953 2113 aliena
986 2076 1171 2127 quadra,
1222 2075 1264 2114 11.
1298 2092 1331 2115 e.
1354 2093 1493 2118 mensa

156 2231 187 2252 1.
207 2218 418 2261 Interpretes
437 2225 573 2250 tantum
589 2231 661 2251 non
685 2231 767 2251 om-

108 2287 171 2308 nes
187 2287 328 2307 sensum
346 2276 379 2308 h.
392 2277 423 2307 l.
446 2276 588 2307 silentio
609 2285 768 2319 praeter-

110 2334 278 2373 mittunt,
309 2333 366 2363 vel
404 2343 476 2364 non
512 2341 605 2365 recte
640 2336 769 2377 cepisse

110 2389 286 2422 videntur,
332 2389 443 2421 Fuere
466 2392 526 2432 qui
547 2392 594 2422 ita
616 2402 771 2433 expone-

113 2454 209 2480 rent:
243 2445 350 2489 Quod
380 2454 412 2477 te
445 2446 607 2478 nondum
637 2458 772 2490 propo-

113 2505 169 2536 siti
212 2503 322 2546 pudet
346 2522 392 2526 —
428 2503 466 2536 id
506 2509 662 2536 metuam
704 2503 773 2536 tibi

117 2559 276 2600 credere,
310 2560 345 2593 h.
371 2571 401 2591 e.
427 2560 568 2592 credere
592 2572 663 2593 non
686 2573 772 2604 pos-

681 2619 774 2651 Haec

117 2675 204 2706 ratio
239 2675 327 2709 mihi
368 2686 505 2719 quoquc
547 2676 585 2710 in
615 2684 774 2710 mentem

118 2627 215 2658 sum,
249 2618 378 2658 iurato,
417 2618 501 2649 licet
526 2619 630 2650 iures.

823 2221 935 2261 venit,
967 2227 1000 2250 et
1025 2220 1070 2250 ita
1094 2219 1129 2251 si
1153 2223 1305 2253 occurrit
1335 2233 1388 2264 ap.
1418 2223 1493 2259 Liv.

826 2277 907 2318 VII,
925 2279 981 2310 51.
1005 2284 1038 2308 et
1058 2279 1187 2319 passim
1208 2277 1270 2309 Gr.
1292 2279 1322 2310 εἷ
1343 2291 1406 2322 pro
1425 2278 1494 2321 ὅτι,

828 2337 876 2367 ita
903 2342 942 2366 ut
966 2345 1037 2365 non
1066 2334 1232 2376 dubiam,
1273 2335 1336 2368 sed
1362 2346 1495 2374 certam.

829 2392 1001 2434 significet
1050 2403 1139 2425 rem.
1225 2392 1281 2424 Cf.
1332 2392 1495 2439 Xenoph.

827 2448 937 2480 Mem.
961 2446 1060 2481 Socr.
1095 2449 1124 2490 l,
1152 2459 1180 2489 1,
1218 2451 1270 2495 13.
1304 2458 1337 2482 et
1375 2449 1436 2483 18.
1461 2464 1495 2495 2,

833 2505 884 2538 15.
926 2505 1031 2537 Hom.
1090 2505 1133 2537 11.
1186 2517 1232 2550 φ,
1274 2506 1354 2540 216.
1378 2507 1493 2542 Krebs

831 2562 935 2594 Obss.
959 2562 1057 2596 Flav.
1089 2574 1123 2605 p.
1157 2563 1212 2607 95.
1247 2571 1280 2596 et
1310 2564 1498 2600 Markland

831 2619 874 2651 ad
897 2620 1036 2663 Lysiam
1052 2631 1088 2663 p.
1110 2619 1187 2664 670.
1215 2620 1270 2654 ed.
1287 2619 1401 2654 Reisk.
1427 2623 1498 2655 Sed

831 2677 976 2711 iuratus
1019 2676 1130 2712 testis
1162 2677 1231 2713 dici
1267 2690 1339 2713 uon
1373 2688 1501 2727 potest,
