1686 3089
449 145 526 186 IN
566 143 796 185 IVVEN.
833 142 971 183 sAT.
1012 145 1063 182 11.
1401 154 1458 202 91·

66 261 141 306 tis)
172 265 214 297 et
233 259 345 306 Aen.
382 259 480 309 XII,
515 261 580 311 94.
654 260 821 298 Actoris
857 259 1051 296 Aurunci
1081 261 1287 310 spolium,
1335 261 1374 300 h.
1414 271 1452 301 e:

66 324 175 377 quod
200 327 410 377 speculum
433 327 544 366 Otho
567 342 651 366 non
671 327 820 365 minori
841 327 884 364 in
908 327 1040 378 pretio
1063 325 1248 376 habebat,
1275 335 1344 366 aut
1369 344 1449 381 quo

63 405 147 430 non
179 394 313 431 minus
340 395 508 446 gloriari
531 395 713 439 solebat,
757 408 874 446 quam
905 394 1070 431 Turnus
1103 393 1236 444 hasta,
1272 410 1350 447 qua
1387 398 1449 434 A·-

64 465 180 498 ctora
201 463 443 500 Auruncum
472 463 738 514 spoliaverat:
774 475 869 498 nam
891 462 949 499 ita
969 459 1142 500 heroum
1166 476 1274 501 arma
1300 477 1451 501 ornan—

62 534 132 566 tur
157 543 180 566 a
197 531 330 580 poetis
353 537 394 567 et
417 530 763 568 commendantur.
776 523 817 550 ²9
855 528 973 567 Cons.
999 529 1047 567 ad
1070 530 1101 579 I,
1134 530 1220 582 169.
1299 531 1451 581 pathi-

63 597 129 640 ci,
167 596 364 638 παθικοῦ.
425 597 478 635 cs.
511 597 562 636 ad
595 611 633 635 v.
674 610 734 637 ιο.
792 597 858 634 De
892 597 1067 634 Othonis
1103 597 1203 649 Imp.
1227 597 1454 650 voluptati-

61 661 137 700 bus
181 665 530 717 muliebribusque
570 665 783 702 munditiis
819 678 858 701 v.
895 665 1005 702 Suet.
1041 664 1136 703 th.
1170 680 1204 702 c.
1229 655 1276 702 ‘2.
1313 672 1354 703 et
1391 678 1451 704 12.

63 729 163 768 Tac:
185 731 293 769 Hist.
320 732 352 780 I,
388 745 450 781 71.
484 738 526 769 et
558 733 606 769 al.
640 754 690 760 —
737 745 823 771 100.
861 732 958 776 ille,
999 731 1125 770 Otho.
1198 747 1285 772 101.
1318 734 1367 771 In
1390 733 1455 771 his

61 798 199 836 verbis
238 800 429 838 obscoeni
469 799 567 851 quid
603 799 731 837 latere
765 800 963 850 putabant
998 800 1147 851 Grang.
1187 807 1228 838 et
1267 802 1451 839 Turneb.

59 863 169 902 Adv.
192 865 265 903 IV.
384 868 593 906 Vexillum
615 867 755 904 tunica
779 880 894 903 russa
918 868 1003 905 sive
1030 869 1166 906 velum
1182 883 1451 920 purpureum,

61 933 217 983 signum
243 934 403 972 suturae
427 949 608 986 pugnae,
649 934 759 985 quod
784 948 805 972 a
828 934 929 971 duce
951 937 1148 987 proponi,
1193 942 1234 973 et
1268 937 1309 973 in
1330 950 1455 987 prae-

60 1001 161 1038 torii
184 1002 344 1050 fastigio
371 1002 541 1040 extendi
562 1003 605 1039 in
639 1000 756 1038 hasta
787 1015 832 1039 ac
856 1004 947 1040 tolli
968 1004 1146 1051 solebat,
1191 1010 1238 1040 ut
1269 1018 1316 1041 eo
1352 1018 1455 1042 con-

59 1074 199 1119 specto
221 1070 369 1108 milites
397 1084 440 1107 se
465 1076 506 1107 et
531 1083 641 1107 arma
664 1075 856 1120 pararent
891 1069 1145 1121 dispersique
1171 1073 1453 1111 convenirent.

59 1147 98 1173 v.
122 1135 233 1188 Lips.
252 1137 315 1181 Vde
348 1138 473 1175 Milit.
510 1136 629 1174 Rom.
663 1138 736 1184 IV,
773 1149 836 1175 12.
867 1158 920 1166 —-
979 1149 1067 1176 102.
1094 1138 1312 1189 Speculum
1343 1140 1455 1179 inter

58 1204 233 1241 sarcinas
259 1205 435 1242 militum
460 1219 568 1253 esse,
611 1212 692 1242 tam
721 1204 916 1242 stolidum
954 1210 1016 1241 est
1053 1211 1094 1241 et
1117 1206 1366 1255 inauditum,
1407 1214 1455 1245 ut

57 1271 254 1321 singulari
285 1271 454 1310 historia
490 1272 657 1322 dignum
691 1273 753 1309 sit.
828 1273 939 1309 Haec
975 1271 1116 1318 δεινῶς
1142 1274 1285 1323 magis,
1334 1288 1455 1326 quam

57 1339 281 1389 εἰρωνικῶς
308 1340 427 1377 dicta.
489 1339 552 1377 Cf.
579 1341 675 1377 Tac.
702 1340 807 1376 Hist.
828 1340 859 1388 I,
885 1341 948 1378 88.
1064 1340 1161 1377 belli
1191 1341 1357 1384 civilis,
1385 1342 1455 1379 in·-

58 1410 122 1443 ter
143 1405 350 1445 Othonem
373 1413 414 1444 et
437 1407 675 1455 Vitellium,
714 1407 872 1458 proelio
890 1407 997 1459 apud
1019 1408 1284 1455 Bebriacum,
1313 1411 1452 1447 vicum

56 1471 166 1510 inter
186 1475 392 1511 Veronam
421 1473 743 1526 Cremonamque
768 1475 912 1521 situm,
953 1473 1158 1522 consecti,
1206 1488 1285 1525 quo
1314 1474 1451 1514 Otho-

55 1539 168 1578 niani
185 1554 211 1578 a
233 1541 466 1579 Vitellianis
489 1542 613 1579 victi:
659 1541 768 1594 quod
791 1548 935 1580 notum
955 1555 976 1578 e
999 1542 1094 1579 Tac.
1121 1540 1227 1578 IIist.
1252 1542 1306 1592 11,
1338 1544 1453 1580 14-

59 1606 125 1646 62.
156 1613 197 1645 et
220 1609 332 1646 Suet.
367 1608 465 1647 oth.
488 1611 523 1647 8.
549 1623 585 1661 9.

174 1710 426 1759 104-107.
466 1711 685 1748 Suetonius
716 1711 759 1748 in
787 1708 887 1748 oth.
926 1722 959 1746 c.
996 1723 1033 1761 9.
1068 1713 1109 1746 et
1141 1720 1200 1746 12.
1239 1719 1451 1760 memorat,

56 1777 230 1825 mthOS‚
281 1791 356 1814 nec
390 1778 564 1827 frustra,
616 1778 859 1824 credidisse,
912 1775 1142 1824 Othonem,
1195 1779 1342 1815 nuntio
1380 1793 1450 1816 ac-

59 1849 179 1894 cepto
203 1843 253 1881 de
276 1844 435 1883 infelici
455 1859 614 1897 pugnae
638 1845 920 1884 Bebriacensis
945 1850 1095 1881 eventu
1110 1872 1121 1891 ‚
1168 1845 1292 1893 magis
1315 1846 1450 1895 pudo·-

57 1925 127 1959 re,
177 1925 228 1949 ne
255 1918 368 1949 'tanto
408 1925 549 1950 rerum
583 1913 878 1964 hominumque
913 1911 1097 1962 periculo
1133 1909 1452 1952 dominationem

56 1980 136 2017 sibi
155 1993 334 2017 asserere
357 1987 660 2030 perseveraret,
711 1983 828 2031 'quam
850 1978 1132 2030 desperatione
1166 1978 1248 2014 ulla
1270 1985 1341 2015 aut
1365 1979 1451 2018 dis-

58 2048 225 2086 fidentia
259 2048 491 2098 copiarum,
546 2061 689 2084 necem
722 2047 799 2083 sibi
833 2047 966 2097 ipsum
991 2045 1259 2090 conscivisse,
1298 2053 1340 2082 et
1361 2060 1451 2084 ma·-

59 2128 178 2167 gnam
201 2121 359 2167 partem
392 2113 627 2161 hominum,
669 2115 918 2152 incolumem
939 2113 1172 2164 gravissime
1198 2111 1450 2161 detestatmn,

59 2189 268 2222 mortuum
296 2181 482 2220 laudibus
504 2182 668 2230 tulisse,
726 2182 874 2219 multos
899 2181 1021 2217 etiam
1047 2180 1225 2216 militum
1255 2182 1451 2231 fhrtissi-

59 2265 170 2288 mum
197 2253 358 2294 uirum,
410 2251 580 2287 unicum
620 2251 934 2299 Imperatorem,
997 2246 1261 2297 praedicasse.
1338 2248 1450 2286 Hinc

58 2317 293 2356 Herminius
314 2316 364 2354 ad
388 2315 427 2354 h.
451 2317 476 2354 l.
503 2323 618 2355 recte
651 2317 710 2354 ita
741 2320 1066 2353 commentatur:
1103 2315 1227 2361 „Hoc
1265 2315 1451 2366 iniquum

59 2384 172 2435 vulgi
193 2384 390 2422 iudicium
415 2385 618 2422 Iuvenalis
648 2383 842 2434 nequibat
876 2394 1152 2431 concoquere,
1201 2387 1322 2432 atque
1351 2381 1448 2419 hinc

44 2447 297 2498 'cnwnuuffig
323 2451 485 2489 satirica
509 2450 699 2489 antithesi
719 2450 942 2488 exclamat:
973 2448 1130 2486 scilicet
1148 2447 1193 2485 id
1212 2461 1313 2486 vero
1333 2462 1447 2486 sum—

109 2639 163 2674 29.
199 2640 231 2674 vg
261 2628 381 2673 Heyne
433 2626 477 2659 ad
503 2626 601 2669 Vix-g.
642 2625 732 2658 Aen.
788 2636 867 2666 τοο.
898 2632 931 2656 et
953 2634 1015 2655 nos
1042 2621 1086 2655 ad
1117 2622 1191 2666 Sil„
1213 2625 1260 2665 V,
1286 2625 1347 2669 157
1373 2635 1448 2668 seq.

66 2686 110 2726 V,
152 2684 226 2734 260‘
269 2696 343 2728 seq.
375 2684 446 2730 IX,-
476 2686 543 2735 559
571 2694 658 2735 ἐες.
688 2682 734 2726 X,
790 2683 851 2716 521
883 2692 956 2725 seq.
