1686 3089
163 146 246 189 1150
551 142 1143 187 COMMENTARIVS

280 273 343 307 71.
401 261 485 298 Nil
513 260 659 299 horum
690 284 743 291 —-
775 262 947 311 Capreis
966 260 1172 298 'videntur
1204 271 1293 299 esse
1320 260 1446 299 vei-ha
1478 259 1549 304 vel

164 327 420 366 occultorum
456 329 593 366 Seiani
625 330 870 375 amicorum,
921 329 989 366 vel
1038 329 1191 365 civium
1234 329 1550 379 prudentiorum

166 406 405 446 eorumque,
435 397 505 448 qui
531 411 619 434 reni
642 410 802 435 omnem
817 396 944 447 probe
968 397 1169 446 cognitam
1193 395 1403 433 habebant.
1462 396 1552 432 Re-

165 463 332 512 sponsio
361 464 571 502 cuiusdam
599 479 620 502 e
640 465 780 515 plebe,
810 464 949 501 forsan
972 463 1091 500 amici
1112 463 1271 510 Seiani3
1302 462 1402 500 Ach.
1471 462 1554 500 Nil

167 528 312 567 horam
349 531 508 570 factum
540 538 600 569 est
633 537 674 568 et
709 531 941 581 cognitum,
994 544 1094 582 quae
1126 532 1170 568 in
1205 531 1358 568 iudicio
1394 531 1556 582 capitali

168 595 260 634 fieri
283 612 327 635 ac
350 600 537 649 cognosci
562 604 604 635 et
629 598 764 635 solent
790 604 832 636 et
856 598 1020 636 debent.
1116 599 1298 637 Verbosa
1323 605 1482 636 tantum
1516 606 1555 636 ec

167 665 348 714 grandis
382 667 558 717 epistola
591 666 751 704 Tiberii
785 668 924 715 venit,
964 667 1009 703 in
1042 680 1121 717 qua
1150 668 1186 704 is
1222 667 1350 703 inulta
1386 665 1435 702 de
1467 667 1557 703 aliis

168 731 293 768 rebus
315 738 357 769 et
377 747 503 784 pauca
524 732 574 770 de
600 733 770 780 Seiano,
796 732 903 771 nihil
923 747 1023 771 vero
1044 739 1182 784 aperte
1215 733 1266 771 de
1298 733 1558 771 damnatione

170 799 256 835 eius
280 801 497 851 scripserat
517 829 527 848 ,
554 801 712 838 veritus
734 814 786 837 ne
807 800 864 837 ita
885 801 1085 838 tumultus
1111 802 1397 839 concitaretur.
1444 800 1558 838 Ner-

168 865 260 903 vius
284 868 491 905 Sertorius
510 868 667 915 IIIacro,
697 868 767 919 qui
786 880 808 904 a
831 867 1001 906 Tiberio
1022 869 1066 905 in
1092 869 1229 907 locum
1254 869 1401 915 Seiani,
1432 880 1556 918 prac-

169 932 271 971 secti
298 936 529 985 praetorio,
570 935 811 973 substitutus
846 940 888 971 et
922 948 1014 973 cum
1045 935 1109 973 his
1143 937 1274 974 literis
1303 935 1353 972 ad
1373 942 1558 974 senatum

170 1000 317 1038 missus
353 1009 461 1051 erat,
513 1017 654 1041 veram
686 1002 952 1053 Imperatoris
992 1009 1173 1041 mentem
1217 1017 1262 1040 ac
1302 1003 1560 1042 voluntatem

169 1067 272 1106 clam
294 1068 578 1108 declaraverat.
607 1084 644 1108 v.
673 1070 783 1107 Suet.
807 1069 961 1106 Tib..c.
991 1069 1054 1107 65.
1072 1076 1114 1107 et
1137 1071 1219 1107 Dio
1241 1070 1399 1117 LVIII,
1414 1071 1438 1107 4
1453 1093 1505 1099 -—
1521 1072 1559 1108 8.

172 1135 355 1185 Capreae
386 1137 496 1188 (hod.
530 1139 680 1188 Capri)
716 1137 790 1175 ins.
823 1136 872 1174 ad
898 1137 1030 1174 sinum
1067 1137 1269 1188 Neapolit.
1304 1142 1346 1173 et
1368 1137 1561 1176 Sirenum

171 1204 382 1253 scopulos,
429 1218 483 1242 cx
522 1204 694 1242 adverso
731 1204 945 1252 Surrenti,
978 1205 1048 1241 ubi
1067 1205 1165 1242 villa
1186 1205 1267 1241 suit
1293 1205 1401 1241 Iovis
1426 1211 1466 1242 et
1485 1219 1564 1244 arx.

172 1268 353 1320 Tiberii,
396 1274 489 1324 qui,
527 1272 673 1310 relicto
714 1271 871 1309 Romae
917 1272 1090 1320 Seiano,
1143 1279 1364 1310 secesserat
1404 1287 1472 1321 eo,
1515 1279 1565 1312 ut

169 1334 411 1377 libidinibus
435 1339 680 1390 indulgeret.
712 1335 749 1360 ²3

291 1417 341 1454 72
374 1421 455 1458 seq.
514 1408 626 1443 Bene
647 1406 776 1444 habet
802 1429 853 1437 —
883 1407 1030 1455 Remi,
1073 1406 1193 1444 verba
1219 1406 1325 1456 eius,
1366 1412 1436 1459 qui
1466 1423 1566 1447 cau-

175 1483 260 1509 sam
286 1473 635 1510 condemnationis
664 1485 909 1521 cognoscere
930 1474 1130 1523 cupiebat.
1245 1475 1357 1512 Bene
1381 1490 1422 1512 se
1443 1476 1566 1514 habet

174 1551 265 1586 res,
295 1538 427 1586 καλῶς
446 1538 551 1592 ἔχει,
580 1541 660 1577 inm
685 1553 846 1577 omnem
879 1554 966 1577 rem
994 1547 1111 1577 teneo
1147 1553 1192 1577 ac
1228 1543 1378 1591 probo,
1423 1543 1563 1580 Germ.

175 1606 312 1643 wohl!
337 1610 444 1658 gut!
500 1606 692 1643 Formula
716 1607 959 1655 gratulantis
985 1607 1062 1643 sibi
1083 1612 1153 1644 aut
1177 1607 1264 1644 aliis
1292 1607 1342 1644 de
1367 1609 1474 1645 bono
1503 1609 1567 1647 rei

175 1679 348 1720 eventu,
377 1675 443 1711 vel
466 1687 551 1710 rem
575 1673 786 1724 probantis
811 1680 850 1710 et
876 1673 1080 1719 contenti,
1111 1680 1154 1710 ut
1173 1688 1232 1725 ap.
1270 1675 1352 1712 Cio.
1391 1674 1498 1712 Mur.
1528 1676 1565 1713 6.

175 1738 269 1776 Liv.
301 1740 417 1787 VIII,
451 1740 486 1777 6.
524 1740 572 1776 al.
631 1739 694 1776 Cf.
720 1740 893 1777 Gruteri
925 1741 1112 1790 Inscript.
1147 1755 1185 1791 p.
1220 1742 1312 1792 339.
1346 1742 1482 1780 Barth.
1516 1742 1567 1780 ad

177 1806 278 1843 Stat.
305 1806 434 1845 Theb.
457 1806 532 1854 XI,
563 1807 655 1855 557.
685 1806 783 1854 XII,
810 1808 904 1844 338.
933 1808 1128 1845 Passerat.
1162 1807 1212 1844 ad
1236 1809 1357 1860 Prop.
1396 1810 1470 1859 IV,
1507 1823 1568 1858 11,

178 1885 243 1924 97.
299 1874 474 1925 Egregie
499 1874 548 1911 de
571 1873 761 1921 homine,
792 1875 953 1911 curioso
975 1873 1160 1926 quidem,
1206 1875 1277 1913 sed
1307 1890 1443 1914 veram
1473 1891 1570 1915 sen-

174 1942 346 1984 tentiam
368 1950 477 1980 metu
497 1941 661 1992 tyranni
682 1941 939 1987 occultante3
966 1947 1011 1977 ut
1031 1949 1071 1979 er,
1096 1943 1165 1979 illa
1196 1944 1262 1980 nil
1288 1944 1390 1994 plus
1434 1946 1564 1981 inter-

177 2022 302 2059 rogo,
343 2023 519 2060 quorum
555 2021 694 2045 sensus
726 2014 805 2045 est:
845 2007 943 2045 haec
981 2007 1251 2063 damnationis
1305 2024 1422 2048 causa
1471 2012 1568 2049 satis

175 2074 277 2115 mihi
300 2076 446 2114 idonea
468 2075 635 2114 videtur
656 2088 701 2112 ac
724 2075 871 2125 proba,
900 2076 989 2118 vel,
1013 2077 1124 2123 *nolo
1158 2077 1357 2114 curiosius
1388 2078 1563 2116 scrutari

179 2143 348 2182 consilia
361 2144 548 2198 factaque
575 2143 853 2196 ImperatoriS,
885 2142 995 2194 quod
1019 2144 1132 2181 nefas
1157 2149 1228 2181 est.
1285 2145 1352 2181 Sic
1376 2146 1564 2182 m'lzaltrcc

179 2224 331 2261 quaero
345 2213 537 2262 plebeias
561 2227 622 2263 ap.
652 2212 796 2249 Horat.
811 2210 890 2247 Sat.
904 2211 959 2258 II,
976 2212 1012 2258 3,
1033 2212 1119 2248 188.
1137 2210 1207 2248 ubi
1221 2225 1258 2249 v.
1272 2212 1404 2249 Bentl.
1421 2234 1472 2242 —
1506 2213 1570 2261 73.

175 2277 258 2315 Sed
278 2280 382 2330 quid
394 2280 494 2318 facit
514 2280 580 2318 vel
603 2280 704 2317 fecit
714 2278 779 2317 vel
792 2278 916 2315 sentit
928 2278 1049 2315 turba
1073 2279 1207 2323 Remi,
1238 2279 1351 2329 plebs
1369 2279 1566 2327 Romana,

178 2359 200 2383 a
222 2346 401 2385 Romulo
423 2355 463 2385 et
489 2348 621 2385 Remo
645 2345 827 2385 oriunda.
861 2343 904 2367 ²4
1017 2345 1171 2382 Remus
1204 2346 1268 2383 vel
1289 2347 1458 2385 Romuli
1480 2347 1568 2385 fra-

224 2457 279 2488 2'5.
327 2456 383 2490 Cf.
411 2470 443 2490 v.
479 2458 534 2503 95.
578 2457 670 2491 Plin.
712 2455 781 2496 ΙΙῘ,’
812 2455 844 2488 6.
902 2455 977 2487 lod.
998 2468 1032 2499 p.
1056 2456 1133 2488 512.
1157 2465 1190 2488 et
1209 2455 1564 2499 Exc.V111.adVirg.

177 2510 291 2544 Strab.
321 2515 348 2546 Ι.
373 2526 408 2556 p.
435 2513 484 2546 15.
504 2514 546 2546 V.
570 2525 605 2556 p.
630 2525 705 2558 171.
730 2513 843 2556 V[.p.
900 2513 988 2545 Aen.
1007 2513 1087 2553 Vll,
1111 2513 1177 2555 725
1199 2526 1271 2556 seq.
1312 2557 1315 2560 ξ

182 2570 255 2612 178.
276 2569 358 2601 Tac.
377 2570 467 2602 Anu.
492 2570 551 2612 lv,
574 2570 629 2614 67.
656 2570 844 2602 Suet.'rib.
949 2569 1004 2601 zi.
1056 2569 1115 2601 Sic
1152 2570 1261 2601 Remi
1293 2568 1414 2612 plebs,
1455 2575 1566 2610 terra,

178 2637 210 2658 c.
241 2635 295 2656 40.
330 2625 385 2658 45.
422 2636 454 2658 et
489 2626 544 2659 68.
582 2627 737 2661 Cluver.v
763 2627 845 2659 ltal.
901 2637 1027 2671 regna,
1055 2626 1194 2666 domus,
1207 2632 1370 2670 nepotes,
1391 2625 1561 2664 culmina,

177 2691 245 2715 aut.
266 2682 325 2716 lV.
343 2694 379 2726 p.
406 2682 500 2716 1168.
522 2684 642 2728 Heyne
663 2683 707 2716 ad
729 2684 846 2729 Apol-
902 2684 1012 2728 signa
1030 2681 1303 2728 ap.Ma1·tial.X,
1316 2683 1371 2728 76,
1388 2682 1568 2716 4.Catull.
