1686 3089
465 171 535 213 1N
575 169 810 214 IV‘VEN.
864 169 1007 210 sAT.
1054 171 1129 210 xi.
1403 169 1488 224 εις

111 300 215 328 mus.¹
241 283 282 308 ²⁶
350 287 457 326 latos
488 287 625 332 orbes,
667 299 822 325 mensas
842 284 1012 337 grandes
1046 292 1086 322 et
1115 285 1321 324 rotundas
1363 297 1402 324 v.
1435 284 1489 325 ad

109 357 142 405 I,
168 357 256 405 137.
282 361 322 394 et
350 354 390 393 h.
410 355 437 392 1.
468 355 566 393 Var.
590 355 711 392 Lect.
775 353 887 391 orbes
925 354 1099 390 sustinet
1128 354 1291 403 grande
1323 353 1421 390 ebur
1450 361 1490 391 et

103 424 270 474 pardus
305 422 521 465 sublimis,
572 420 611 458 h.
652 436 685 460 e.
721 435 792 473 pes
830 421 931 459 altus
964 434 994 458 s.
1038 420 1217 458 fulcrum
1253 421 1498 470 eburneum,‘

107 490 307 528 caelatum
341 490 384 526 in
408 488 524 540 pardi
546 487 697 526 hiantis
721 488 910 539 figuram,
954 488 1148 526 (lentibus
1176 502 1223 524 ex
1249 488 1361 531 Allis,
1403 488 1493 525 ele-

107 556 340 609 phantinis,
391 569 490 608 qnos
515 557 642 594 mittit
665 562 741 593 cet.
802 555 866 594 Cs.
904 554 954 593 ad
975 554 1046 603 III,
1069 555 1161 594 205.
1199 555 1304 592 Plin.
1329 556 1425 603 XII,
1455 556 1494 594 5.

108 631 151 662 et
182 625 271 662 loca
305 623 425 661 simil.
458 622 613 660 Lucan.
652 623 707 670 X,
735 625 821 662 144.
862 622 1114 670 Μαι-113111,
1137 623 1204 669 43,
1236 634 1272 672 9.
1316 634 1375 660 10.
1416 623 1498 673 IX,

107 694 177 736 23,
209 693 247 730 5.
294 690 414 738 XIV,
449 691 512 741 89.
557 696 598 728 et
640 703 705 742 91.
759 692 970 742 Τραπέζας
1029 690 1345 742 ἐλεφαντίποδας
1388 689 1499 728 dixit

105 759 277 797 Lucian.
299 759 344 796 in
374 757 512 794 Somn.
541 756 759 796 Rotundae
780 772 942 796 mensae
969 758 1099 796 ferme
1120 753 1343 810 μονόποὸες
1360 756 1497 802 suere,

106 826 326 879 quadratae
357 838 458 863 vero
495 823 674 875 tripedes
708 839 783 862 nec
818 827 874 863 ita
913 826 956 864 in
996 826 1130 877 pretio
1169 831 1209 862 et
1240 825 1499 866 tenuioribus

110 894 302 942 relictae,
341 891 580 937 HENNIN.
643 891 762 929 Cons.
797 893 910 944 LiPS.
942 893 1081 945 Antiq.
1113 893 1228 930 Lect.
1263 892 1338 941 III,
1380 906 1412 931 1.
1440 914 1500 926 -v

117 962 206 999 124.
235 960 470 1003 Dentibus,
503 973 605 1011 quos
627 959 842 997 Pausanias
878 966 918 997 et
951 961 1019 999 alii
1054 959 1206 997 rectius
1243 973 1399 998 cornua
1424 974 1500 1011 ap-

108 1028 276 1081 pellant.
295 1022 337 1048 ²⁷
390 1026 518 1076 Syene
550 1039 642 1077 opp.
677 1034 717 1064 et
742 1027 897 1077 penius.
930 1028 973 1063 in
995 1026 1094 1063 Nilo
1130 1032 1170 1063 et
1208 1026 1387 1063 confinio
1411 1026 1502 1064 Ae—

109 1095 226 1147 gypti
250 1100 373 1145 atque
396 1090 663 1142 Aethiopiae,
711 1093 785 1130 sub
818 1094 954 1130 cancri
983 1093 1166 1143 tropico,
1196 1092 1323 1137 (Ptol.
1343 1091 1416 1142 IV,
1441 1090 1502 1147 5.)

109 1161 206 1202 hod.
236 1163 397 1198 Essuen
429 1174 459 1197 s.
489 1161 636 1197 Asvan
662 1165 704 1197 ct
736 1162 946 1204 Assevan,
991 1173 1070 1212 quo
1106 1159 1310 1198 Iuvenalis
1336 1161 1502 1212 ablega·

110 1237 176 1268 tus
204 1229 357 1267 dieitur
379 1228 454 1266 sub
490 1226 740 1266 honorificae
772 1228 944 1265 militiae
980 1233 1221 1279 praetextu:
1284 1241 1378 1267 nam
1411 1235 1500 1268 tres

111 1298 172 1337 ibi
204 1295 394 1335 cohortes
416 1295 625 1333 Romanae
657 1295 849 1346 praesidii
882 1308 1000 1333 causa
1030 1295 1306 1344 excubabant,
1342 1294 1502 1346 (Strab-

112 1364 252 1405 XVII.
283 1377 321 1414 p.
347 1365 462 1414 797.)
493 1376 595 1414 quae
623 1363 771 1400 Castra
794 1370 992 1401 vocantur
1017 1361 1122 1399 Plin.
1145 1363 1194 1409 V,
1219 1376 1255 1414 9.
1284 1377 1314 1401 s.
1342 1377 1402 1403 10.
1428 1363 1503 1402 ubi

115 1431 227 1470 cons.
265 1429 467 1468 Harduin.
533 1429 644 1467 Hinc
671 1439 840 1481 portam
873 1431 1022 1480 Syenes
1066 1428 1106 1467 h.
1144 1430 1170 1467 1.
1210 1430 1292 1468 dici
1331 1432 1505 1482 putabat

116 1498 278 1537 calder.
346 1495 432 1536 Alii
463 1496 720 1545 existimant,
769 1496 1085 1549 Elephantidem
1119 1510 1148 1534 s.
1186 1496 1504 1550 Elephantinam

117 1566 197 1605 ins.
220 1571 263 1602 et
280 1565 426 1602 urbem
443 1564 620 1602 vicinam
651 1566 709 1611 (v.
732 1564 835 1603 Plin.
863 1571 904 1602 et
923 1564 1126 1604 Harduin.
1159 1565 1185 1603 1.
1209 1561 1255 1618 l.)
1287 1564 1509 1616 designari,

115 1632 306 1686 quoniam
330 1645 384 1671 ex
409 1644 455 1669 ea
477 1636 518 1669 et
539 1629 760 1683 Aethiopia
783 1646 858 1683 per
878 1632 1062 1683 Syenen,
1092 1640 1299 1684 tamquam
1320 1641 1503 1684 portam,

116 1701 163 1739 in
191 1697 425 1750 Aegyptum
455 1699 677 1742 transitus,
740 1705 780 1736 et
807 1699 877 1736 illa
904 1699 952 1737 ab
976 1699 1287 1750 elephantorum
1313 1700 1507 1737 multitu-

118 1767 214 1806 (line
243 1767 300 1804 sic
329 1765 437 1803 dicta
457 1765 520 1802 sit.
548 1778 586 1802 v.
613 1765 806 1814 advnl,
838 1765 927 1803 160.
1039 1767 1127 1803 125.
1167 1766 1257 1804 126.
1284 1767 1507 1817 Elephan-

118 1843 183 1875 tos
211 1835 303 1886 jera
328 1833 482 1885 Africa
511 1832 623 1869 ultra
652 1831 839 1881 Syrticas
863 1833 1108 1870 solitudines
1137 1841 1175 1870 et
1203 1836 1252 1870 in
1280 1835 1505 1872 Maurita-

120 1904 223 1941 nia.-
277 1901 425 1952 ferant
469 1897 693 1948 Aethiopes
744 1907 783 1936 et
827 1900 1119 1951 Troglodytae.-
1179 1901 1253 1938 sed
1304 1903 1507 1938 maximos

118 1970 267 2017 India,
327 1967 431 2006 Plin.
463 1966 577 2014 VIII,
605 1978 664 2004 11.
722 1965 833 2004 Hinc
869 1968 993 2007 etiam
1031 1969 1250 2019 praecipue
1289 1968 1508 2007 laudantur

118 2037 219 2076 Indi
256 2036 395 2073 dentes
434 2039 476 2071 et
503 2033 654 2071 Indum
694 2033 817 2078 ebur,
867 2048 905 2073 v.
934 2050 968 2074 c.
1003 2036 1125 2075 Ovid.
1148 2037 1248 2074 Met.
1272 2035 1387 2085 VIII,
1411 2038 1513 2075 288:

123 2103 272 2142 catull.
292 2101 451 2149 LXIV,
476 2102 540 2139 48.
577 2107 618 2138 et
648 2100 811 2139 Petron.
849 2116 882 2140 c.
909 2104 997 2142 155.
1028 2125 1083 2131 —
1170 2105 1321 2141 Maura·
1347 2105 1509 2149 celeres,

123 2177 171 2209 ut
195 2169 284 2208 sere
309 2182 447 2207 omnes
474 2168 642 2206 Africae
662 2169 826 2220 populi,
851 2183 893 2208 v.
919 2185 952 2208 c.
978 2172 1133 2216 Poeni,
1164 2172 1259 2219 (Sil.
1283 2171 1361 2215 III,
1390 2173 1511 2219 252.)

125 2236 316 2281 Gaetuli,
366 2236 459 2283 (Sil.
491 2235 567 2283 III,
600 2247 680 2287 292
718 2234 817 2288 seq.)
856 2239 1091 2287 Autololes,
1149 2237 1262 2291 (ibid.
1300 2239 1381 2277 306
1402 2241 1512 2291 seq.)

126 2303 350 2354 Aethiopes
383 2302 678 2354 Troglodytae,
709 2301 922 2356 (Herodot.
945 2307 1015 2354 IV,
1043 2307 1129 2344 183.
1167 2306 1272 2344 Plin.
1293 2307 1364 2354 VI,
1389 2319 1454 2358 29.
1476 2321 1509 2345 s.

129 2369 212 2424 34.)
243 2377 285 2408 et
307 2370 388 2408 alii.
430 2370 550 2408 Cons.
572 2370 727 2409 Lucan.
751 2372 825 2420 IV,
854 2373 931 2423 677
958 2387 1040 2427 seq.
1098 2375 1253 2412 fflazcro
1284 2374 1508 2419 obscurior,

127 2440 307 2492 nigrior,
333 2438 462 2475 ladas
486 2437 720 2477 Orientalis.
777 2438 960 2493 Μαῦρον
993 2441 1160 2478 Graecis
1194 2442 1414 2481 obscurum
1443 2442 1516 2486 ‹Ii--¹

177 2536 232 2571 26.
267 2549 299 2571 v.
330 2536 374 2568 ad
409 2534 471 2576 IX,
497 2535 570 2568 128.
611 2545 644 2568 et
678 2538 793 2581 intpp.
850 2537 928 2571 206.
974 2540 1090 2584 Intpp.
1111 2540 1202 2573 Plin.
1222 2540 1322 2581 V111,
1344 2540 1377 2574 5.
1401 2547 1434 2574 et
1457 2552 1510 2575 10.

133 2596 254 2628 Horat.
282 2594 352 2627 Od.
381 2595 410 2635 1,
431 2592 463 2635 5,
484 2603 513 2625 1.
549 2593 604 2635 58,
622 2594 656 2627 5.
689 2594 735 2636 ll,
761 2595 793 2637 5,
850 2594 1039 2629 Broekhus.
1069 2597 1113 2631 ad
1148 2600 1250 2645 Prop.
1276 2598 1323 2641 H,
1344 2597 1402 2640 23,
1448 2598 1513 2642 (al,

141 2652 181 2686 13
202 2663 274 2695 seq.
296 2663 325 2696 7,
341 2662 397 2684 22.
430 2650 494 2692 ΠΙ,
517 2650 567 2690 14,
590 2662 642 2695 17.
850 2655 924 2698 31.)
952 2665 1003 2689 12.

183 2719 238 2754 27.
264 2721 293 2742 v.
328 2706 507 2743 Drakeuh.
534 2707 578 2741 ad
610 2708 675 2742 Sil‘.
700 2708 794 2752 XVI,
