1686 3089
426 186 505 228 IN
553 183 793 229 IVVEN.
840 182 979 223 SAT.
1019 184 1111 225 vu.
1390 185 1475 229 455

89 302 198 342 Dial.
235 301 286 341 de
318 301 481 341 Orator.
519 317 551 341 c.
580 304 641 342 18.
677 308 718 340 et
742 313 808 340 22.
825 299 964 353 ibique
985 299 1100 352 Lips.
1124 299 1298 350 Quintil.
1327 300 1405 350 XI,
1436 315 1470 348 1,

91 371 129 408 3.
153 369 252 417 XII,
282 383 343 419 10,
372 383 404 409 1.
436 371 542 408 Gell.
564 370 704 416 XVII,
737 383 770 408 1.

199 439 279 476 215
307 459 342 468 »-
363 439 455 477 243.
513 438 672 477 Ultimo
701 438 792 475 loco
827 441 947 488 poeta
980 435 1030 473 de
1065 434 1350 475 Grammaticis
1387 437 1471 487 agit

86 505 361 557 ostenditque,
384 519 528 543 eorum
543 505 820 543 conditionem
833 518 914 542 non
927 503 1151 552 meliorem,
1180 517 1298 555 quam
1312 502 1471 542 Rheto-

86 585 194 620 rum,
220 579 260 610 et
280 573 548 610 difficiliorem
574 573 932 624 molestioremque
957 584 1044 609 esse
1068 570 1260 608 laborem.
1319 571 1470 608 Gram-

86 643 239 678 matiei
260 641 378 678 suere
400 640 512 687 olim,
535 641 603 691 qui
629 654 736 678 nunc
758 641 1017 691 Professores
1039 644 1081 676 et
1094 639 1302 689 WIag-istri
1315 640 1472 676 artium,

87 708 324 746 liberalium
352 707 555 746 dicuntur.
573 722 609 745 v.
626 709 757 759 intpp.
778 708 942 745 Petron.
959 707 1021 745 55.
1090 707 1248 757 gremio
1261 704 1394 756 cgffert,
1425 704 1472 744 in

87 778 285 826 gremium
320 774 506 813 sinumve
539 764 714 813 sedentis
752 775 1016 825 docentisque
1042 771 1225 811 infundit
1246 773 1470 824 δι’δακτρον.

87 841 324 879 Enceladus
352 843 416 892 (al.
441 843 636 888 Celadus)
659 849 699 880 et
716 844 944 880 Palaemon
968 840 1246 879 Grammatici.
1302 842 1368 879 De
1390 839 1470 879 hoc
1493 875 1498 880 .

83 920 124 947 v.
147 907 197 946 ad
222 910 294 957 VI,
325 911 418 947 452.
447 909 496 946 de
519 909 592 948 illo
617 912 715 948 Var.
737 910 853 948 Lect.
909 898 912 901 ¹

201 976 282 1015 216
310 991 390 1029 seq.
450 977 513 1015 Cs.
535 978 723 1016 Palladae
748 977 886 1028 Epigr.
907 976 1063 1014 XLVI.
1086 974 1127 1014 in
1146 975 1324 1014 Brunck.
1354 974 1472 1014 Anal.

86 1042 135 1080 T.
168 1044 218 1081 II.
250 1058 290 1095 p.
325 1046 418 1094 417.
485 1047 541 1083 Ec
571 1055 711 1083 tamen
740 1058 794 1082 ex
822 1044 896 1081 hac
928 1043 1081 1081 tantula
1101 1044 1289 1082 mercede
1317 1043 1475 1096 aliquid

79 1113 367 1161 praemordet,
405 1111 551 1150 furtim
597 1111 781 1156 deradit,
835 1111 1020 1154 abradit,
1074 1109 1114 1148 11.
1166 1124 1199 1148 e.
1247 1111 1472 1162 intercipit,

84 1178 309 1227 subtrahit,
351 1180 420 1226 (ut
451 1193 550 1216 mox
571 1180 751 1231 fi·cmget
773 1180 876 1225 sibi)
902 1179 1105 1230 dise-isneli
1134 1186 1268 1216 custos
1307 1191 1353 1215 ae
1391 1177 1472 1215 du-

85 1252 195 1293 ctor,
229 1246 504 1297 paedagogus,
540 1261 694 1294 servus,
725 1256 763 1285 et
796 1248 872 1299 qui
909 1247 1149 1296 dispensat,
1201 1245 1472 1297 dispensator,

83 1312 134 1350 (le
171 1328 249 1365 quo
281 1329 319 1351 v„
356 1314 403 1351 ad
428 1313 458 1360 I,
489 1327 552 1364 91.
612 1315 868 1365 Pacdagogus
893 1327 1066 1365 puerum
1087 1312 1136 1350 ad
1156 1312 1335 1352 scholam
1359 1312 1476 1352 ducit

87 1387 127 1417 et
147 1388 309 1432 praeter
329 1382 454 1419 libros
483 1381 600 1419 affert
625 1383 747 1420 etiam
767 1382 1006 1433 δίδακτρον,
1035 1381 1083 1418 ab
1110 1380 1188 1418 alio
1215 1394 1357 1428 servo,
1382 1379 1471 1417 dis-

84 1455 312 1499 pensatore,
341 1449 418 1499 ipsi
442 1449 646 1488 traditum.
684 1471 737 1482 -ι-
796 1461 888 1497 217.
919 1462 1034 1493 aera,
1066 1461 1235 1496 merces,
1264 1447 1470 1487 salarium.

85 1516 416 1561 Acoenonoe'tus,
446 1529 485 1554 v.
509 1517 685 1554 Excurs.
703 1515 754 1554 ad
780 1515 820 1554 h.
843 1516 869 1553 1.

196 1595 276 1635 219
297 1596 452 1632 -227.
519 1584 632 1622 Haec
683 1597 776 1621 cnm
818 1583 1080 1621 miseratione
1127 1582 1299 1635 quadam
1342 1582 1448 1621 dicta
1462 1585 1478 1621 ε’

88 1649 190 1689 Cede
228 1650 383 1703 aliquid
418 1650 469 1689 de
502 1651 593 1689 iure
621 1656 693 1690 tuo
729 1657 770 1688 et
787 1659 930 1701 palere
951 1664 1080 1702 aequo
1106 1652 1263 1699 animo,
1289 1656 1332 1687 te
1355 1656 1479 1701 parte

85 1717 284 1756 mercedis
306 1718 383 1755 tibi
404 1719 650 1757 constitutae
678 1732 724 1757 ac
744 1719 970 1770 promissae
993 1717 1226 1755 defi-audari
1245 1718 1312 1755 vel
1334 1731 1357 1753 a
1382 1730 1474 1754 ser-

87 1783 150 1823 vis
167 1814 177 1832 ,
216 1798 268 1822 ne
287 1784 359 1823 illa.
376 1785 451 1822 tibi
475 1792 557 1823 tota
576 1793 718 1837 pereat
743 1791 784 1824 et
805 1786 966 1823 nullum
982 1821 983 1824 ,
998 1792 1077 1823 tam
1112 1782 1274 1822 molesti
1321 1784 1475 1824 laboris

84 1852 314 1904 praemium
351 1852 534 1903 accipias.
584 1854 587 1857 '
647 1864 740 1890 220.
793 1852 1045 1896 decrescere,
1090 1851 1275 1889 diminui.
1389 1865 1475 1889 nom

88 1920 239 1963 aliter,
270 1933 396 1971 quam
424 1921 590 1957 institor
607 1919 656 1958 de
681 1920 850 1968 maiori,
891 1918 1000 1971 quod
1031 1919 1278 1969 postulavit,
1319 1918 1472 1957 merci-

86 2000 155 2027 um
180 1987 317 2039 pretio
342 1985 531 2024 nonnihil
552 1987 740 2034 remittit,
769 1992 818 2024 ut
833 1985 985 2024 vendat
1007 1999 1071 2024 eas
1095 1986 1298 2038 citiusque
1321 1986 1472 2023 (listra-

86 2054 168 2093 hat.
227 2054 337 2104 Apta
356 2054 603 2104 comparatio
627 2060 689 2101 ct,
719 2054 797 2092 nisi
821 2052 951 2100 fallor,
980 2067 1064 2091 non
1091 2053 1176 2092 sine
1199 2054 1345 2092 acerbo
1372 2067 1474 2091 acu—

86 2122 166 2162 leo.
223 2120 403 2159 Notatur
423 2119 532 2158 enim
552 2134 636 2159 non
648 2121 769 2159 modo
789 2121 983 2172 iniquitas
1006 2121 1226 2160 etavaritia
1242 2127 1474 2173 parentum,

89 2189 161 2229 sed
204 2189 326 2226 etiam
379 2188 633 2226 illiberalitas
679 2188 956 2236 Palaemonis,
998 2190 1069 2240 qui
1098 2189 1275 2227 officinas
1307 2201 1472 2240 quoque

87 2255 400 2311 promercalium
425 2256 601 2295 vestium
636 2256 832 2295 exercuit:
862 2255 924 2303 (v.
955 2255 1066 2294 Suet.
1099 2255 1149 2293 tle
1187 2256 1244 2294 ill.
1289 2255 1472 2293 Gramm.

89 2339 125 2364 c.
152 2320 250 2375 23.)
279 2322 356 2360 etsi
375 2321 475 2360 haec
503 2324 627 2375 magis
651 2322 881 2361 excusanda
902 2328 983 2370 est,
1025 2336 1145 2375 quam
1171 2323 1250 2362 illa.
1308 2322 1474 2360 Vellem

89 2400 228 2431 tamen
260 2403 336 2441 pro
372 2390 624 2428 Palaemone
657 2391 782 2429 alium
819 2390 1097 2429 substituisset
1131 2397 1272 2443 poeta:
1299 2390 1335 2428 is
1362 2389 1473 2428 enim

88 2460 226 2499 locum
260 2455 425 2509 quidem
458 2457 568 2495 inter
601 2458 900 2496 Grammaticos
933 2459 1164 2510 principem
1195 2457 1347 2504 tenuit,
1398 2454 1473 2494 sed

88 2526 215 2572 vitiis!
236 2536 398 2576 quoque
432 2524 618 2563 omnibus
655 2525 819 2563 infamis
861 2524 945 2562 suit
978 2531 1021 2563 et
1052 2524 1304 2577 quadragena
1339 2537 1473 2562 annua

91 2594 204 2647 cepit
225 2607 279 2631 ex
301 2591 460 2640 schola,
489 2606 567 2630 nec
589 2593 720 2630 multo
746 2592 880 2629 minus
902 2606 955 2630 ex
976 2606 1020 2630 re
1041 2592 1246 2633 familiari.
1283 2605 1322 2630 v.
1358 2591 1472 2629 Suet.

91 2659 119 2704 1.
141 2662 167 2700 l.
245 2675 250 2678 ·
279 2661 470 2704 Institor,
510 2666 556 2698 ut
582 2660 708 2699 verba
735 2660 824 2698 Iani
860 2659 910 2697 ad
946 2660 1088 2698 Horat.
1124 2658 1203 2698 Od.
1233 2659 1309 2708 ΙΙΙ,
1346 2658 1382 2708 6,
1405 2660 1473 2698 30.

93 2742 188 2771 mea
210 2727 383 2778 faciam,
411 2727 542 2770 dictus
564 2728 753 2783 antiquis,
781 2727 851 2782 qui
876 2733 981 2769 esset
1002 2726 1236 2783 praefectus
1259 2729 1476 2775 (instaret)
