1686 3089
233 179 287 223 50
644 175 1225 218 COMMENTARIVS

229 291 340 347 quod
375 305 474 330 mox
511 306 682 343 capere,
724 307 769 330 ea
805 292 939 343 aliqua
972 290 1222 338 differentia,
1274 296 1321 327 ut
1342 291 1617 341 qualicunque

228 360 350 400 modo
410 360 689 410 accipiamus,
760 358 870 410 quod
910 358 1081 396 honeste
1132 371 1278 407 capere
1335 370 1418 395 non
1469 371 1618 408 possu-

227 441 332 467 mus.
362 440 399 464 v.
434 426 604 464 Gesner.
636 426 685 464 ad
718 427 822 463 Plin.
853 426 948 462 Pan.
985 424 1099 472 LXI,
1137 424 1173 460 5.
1239 424 1326 460 Iam
1361 437 1482 471 vero,
1515 438 1618 476 quae

233 510 288 533 ex
326 495 415 545 lege
454 493 758 531 testamentaria
799 493 986 530 Voconia
1027 491 1075 528 ab
1122 491 1235 528 omni
1274 490 1501 528 heredjtate
1543 495 1620 529 'ex-

229 563 365 600 clusae
385 567 517 608 erant,
548 561 740 597 mulieres
769 572 851 596 non
883 559 1006 609 magis
1030 558 1152 595 scribi
1185 572 1238 595 ex
1271 572 1355 595 asse
1396 558 1619 596 secundum

226 630 394 681 Papiam
428 628 657 678 Poppaeam
688 633 904 678 poterant,
943 627 1021 663 nisi
1050 627 1112 662 ius
1144 625 1374 663 liberorum
1397 624 1618 677 haberent3

227 696 300 734 sed
322 696 459 733 mariti
482 695 604 732 scribi
628 700 837 745 poterant,
879 694 944 730 vel
969 693 1150 730 solitarii.
1176 706 1214 730 v.
1244 693 1437 729 Heinecc.
1463 691 1513 729 ad
1541 692 1618 742 leg.

225 763 322 814 Pap.
371 762 499 812 Popp.
540 776 576 812 p.
629 774 723 813 291.
757 762 849 811 293.
920 760 1093 797 Maritus
1142 760 1268 810 igitur
1302 761 1416 806 leno,
1469 759 1622 796 solidae

228 830 371 868 avidus
411 828 671 877 hereditatis,
738 841 845 865 nunc
874 827 1021 864 lubens
1072 827 1256 877 indulget
1293 827 1517 874 adalferio,
1562 832 1621 874 ut,

226 906 354 950 quum
396 909 504 933 uxor
547 897 653 933 bona
692 893 853 932 moechi
889 894 1075 945 capiendi
1111 895 1172 932 ius
1211 908 1290 932 non
1314 893 1461 930 habea?
1492 907 1620 945 eaque

224 965 345 1004 heres
385 963 508 1000 scribi
545 977 629 1000 non
667 963 806 1013 possit,
854 962 1057 998 scribatur
1090 962 1202 1012 ipse,
1243 962 1394 1012 quippe
1427 975 1620 999 concessa

224 1032 410 1071 adultero
438 1031 626 1077 licentia,
675 1030 745 1080 qui
777 1031 909 1080 ipsum
950 1029 1176 1066 solitarium
1213 1029 1378 1066 faceret.
1442 1029 1620 1080 Propter

223 1102 313 1138 rem
351 1097 458 1135 cons.
502 1095 729 1146 Schulting.
768 1097 811 1133 in
843 1095 1069 1146 Iurisprud.
1111 1096 1412 1132 Ante—Iustin.
1444 1109 1483 1146 p.
1526 1096 1619 1134 606.

225 1165 276 1204 ad
316 1163 485 1216 Ulpiani
536 1164 620 1200 Tit.
672 1163 792 1200 XIII.
889 1163 1003 1212 Quin
1047 1163 1200 1213 optime
1251 1163 1453 1200 Iuvenalis
1500 1177 1619 1201 suum

223 1234 312 1285 ipse
337 1244 499 1269 sensum
522 1230 701 1267 illustrat
722 1230 802 1266 Sat.
829 1231 907 1276 IX,
934 1232 996 1267 82.
1030 1244 1110 1280 seq.
1126 1257 1138 1272 ,
1172 1230 1276 1280 inpr.
1299 1231 1435 1267 verbis
1456 1229 1618 1268 moechi

225 1300 276 1338 ad
299 1299 457 1345 virum,
499 1298 613 1334 cuius
638 1310 811 1334 uxorem
837 1298 992 1335 fecerat
1014 1295 1244 1347 gravidam,
1283 1310 1321 1334 v.
1345 1299 1408 1345 87.
1434 1299 1497 1336 88.
1535 1298 1617 1335 Ni—

225 1367 287 1405 hil
311 1373 444 1404 aufem
465 1364 598 1402 refert
617 1365 661 1401 in
685 1365 797 1401 omni
826 1363 904 1401 hoc
929 1364 1092 1414 negotio
1107 1392 1117 1410 ‚
1156 1368 1203 1399 ut
1230 1377 1305 1414 per
1327 1364 1617 1403 fideicommis-

226 1448 316 1472 sum
338 1433 389 1470 ad
406 1433 530 1470 solam
561 1444 737 1468 uxorem
761 1432 899 1468 veniat
935 1430 1163 1478 hereditas3
1213 1431 1616 1483 quandoquidemfid

223 1507 384 1540 tantum
426 1501 506 1550 agit
540 1498 676 1537 nobile
708 1512 782 1549 par
820 1499 1058 1548 coniugum,
1102 1504 1149 1534 ut
1191 1504 1307 1548 parta
1347 1501 1617 1537 communiter

224 1567 375 1622 praeda
397 1566 670 1604 communiter
698 1566 820 1603 etiam
842 1565 1116 1616 persruaturf‘
1191 1565 1253 1602 55.
1283 1568 1507 1612 Lac-zmar,
1550 1574 1615 1604 tc-

222 1643 334 1675 ctum
357 1635 528 1673 triclinii
555 1634 754 1670 caelatum
776 1639 846 1670 aut
877 1635 1055 1685 pictum,
1102 1645 1124 1669 e
1157 1633 1305 1670 tabulis
1339 1634 1509 1685 lignei83
1562 1634 1614 1672 de

223 1718 302 1756 quo
325 1716 363 1740 V.
386 1701 555 1739 Ernesti
581 1702 679 1739 clav.
708 1700 839 1738 Cicer.

340 1771 404 1807 58.
433 1782 512 1819 seq.
545 1783 712 1812 euram,
766 1767 1087 1819 praefecturam,
1130 1769 1332 1815 cohortis,
1382 1769 1613 1809 cohortium

223 1837 595 1892 praetorianarum3
640 1849 786 1873 munus
826 1836 1027 1887 praefecti
1069 1838 1288 1887 praetorio.
1367 1838 1612 1876 scholiastes

221 1912 340 1944 vetus
363 1904 584 1954 accipiebat
606 1902 655 1939 de
676 1903 888 1940 tribunatu
919 1903 1096 1940 militum
1109 1933 1119 1951 ,
1168 1903 1217 1941 de
1250 1919 1275 1955 q
1281 1918 1330 1941 uo
1362 1919 1399 1941 v.
1423 1906 1536 1956 Lips.
1560 1906 1611 1943 de

224 1973 314 2012 Mil.
338 1972 458 2009 Rom.
479 1971 531 2018 11,
567 1984 602 2021 9.
637 1971 708 2007 ubi
731 1982 814 2008 non
847 1970 951 2008 male
980 1970 1234 2022 suspicatur,
1272 1979 1361 2022 post
1382 1972 1611 2022 Polybium,

223 2041 343 2079 sociis
366 2041 447 2076 iam
471 2037 653 2075 admissis
676 2038 719 2075 in
739 2038 918 2087 legiones
933 2067 942 2085 ,
984 2026 1201 2076 numerum
1223 2039 1504 2077 Tribunorum
1527 2041 1613 2077 mi-

222 2108 406 2148 litai-ium
442 2112 605 2143 auctum
637 2118 743 2153 esse,
783 2111 822 2141 et
859 2103 1000 2143 deceni
1031 2105 1203 2155 legionis
1236 2105 1472 2144 cohortibus
1509 2108 1612 2144 toti-

222 2176 317 2214 dem
336 2173 567 2226 praefuisse
601 2173 798 2209 tribunos.
841 2172 1019 2208 Tribuni
1053 2178 1165 2210 certe
1201 2173 1427 2210 cohortium
1452 2188 1612 2212 memo-

225 2249 369 2282 rantur
392 2255 415 2278 a
438 2240 550 2278 Caes.
578 2240 625 2276 B.
654 2238 698 2276 C.
722 2239 775 2286 ΙΙ,
796 2251 859 2276 20.
891 2245 931 2276 et
963 2239 1067 2276 Plin.
1092 2238 1222 2290 Epist.
1261 2240 1336 2287 ΙΙΙ,
1361 2254 1397 2292 9,
1425 2243 1484 2279 18.
1545 2229 1634 2280 Cfs

223 2310 300 2350 ins.
321 2310 376 2358 X,
404 2309 469 2360 94.
555 2307 661 2344 bona
688 2306 874 2351 donavit,
904 2306 1114 2354 inmunsit,
1144 2307 1364 2358 impendit,
1388 2313 1610 2361 praese-pi-

228 2379 302 2416 bas
314 2405 328 2422 ,
360 2377 473 2428 equis
501 2373 669 2413 alendis.
698 2373 996 2425 (lupanaribus,
1024 2373 1159 2411 iudice
1180 2374 1438 2426 Plathnero.)
1501 2386 1613 2415 earet

225 2446 339 2482 omni
361 2446 565 2481 maiorum,
587 2455 734 2485 censa,
778 2442 871 2492 quia
893 2455 985 2478 eum
1020 2441 1268 2493 dilapidavit.
1332 2445 1418 2481 Alii
1440 2445 1610 2495 Tigelli-

225 2526 343 2560 num,
382 2511 451 2548 alii
473 2523 572 2547 vero
598 2508 838 2546 Cornelium
862 2509 1038 2546 Fuscum
1061 2510 1259 2561 intelligi,
1301 2518 1341 2549 et
1367 2512 1611 2551 alterutrum

225 2592 386 2632 quoque
426 2577 522 2614 ficto
564 2578 828 2627 Damasippi
870 2577 1036 2614 nomine
1083 2577 1209 2625 VIR,
1265 2580 1352 2616 185.
1409 2580 1612 2629 designari

224 2647 492 2698 suspicantur.
552 2644 617 2681 De
651 2644 855 2691 Tigellino
891 2657 927 2681 v.
955 2644 1028 2680 ins.
1062 2643 1111 2681 ad
1146 2658 1184 2681 v.
1215 2646 1301 2683 155.
1334 2646 1382 2683 de
1406 2646 1536 2684 Fusco
1560 2646 1611 2685 ad

224 2714 300 2759 IV,
342 2724 428 2752 112.
490 2711 537 2748 In
566 2713 730 2763 gratiani
766 2710 942 2748 Neronis
979 2712 1127 2749 multos
1160 2714 1359 2751 nobilium
1398 2713 1608 2763 aurigandi
