1686 3089
165 124 186 136 ,-

164 126 244 167 026
568 129 1145 179 COMMENTARIVS
1208 176 1212 179 ,

168 254 208 291 p.
241 241 328 279 152.
361 243 441 285 418
478 258 573 296 seq..
598 246 690 297 489.
728 247 777 287 T.
812 246 884 284 III.
920 248 1091 297 p.⁴225.'
1120 249 1212 293 278.
1236 249 1315 287 448
1342 262 1424 300 seq.
1453 251 1560 301 493.',

171 307 242 344 De
261 309 361 345 lano
381 311 478 348 ibid.
505 313 551 350 T.
577 314 628 351 II.
650 328 689 365 p.
722 315 802 352 450
829 327 910 365 seq.
946 315 1052 364 489..
1078 315 1212 352 samm
1246 316 1382 355 forsan
1415 331 1553 368 propr.

170 375 390 425 prudentia
418 379 460 415 in
490 394 704 431 personam
743 387 919 429 mutata,
948 388 995 419 ut
1017 371 1298 425 Prometheus.
1331 384 1385 434 (v.
1408 385 1456 420 ad
1481 385 1555 432 IV,

177 441 282 493 133.)
376 446 469 494 387.
509 448 793 498 Capitolinam
824 463 1039 499 quercum,
1083 449 1128 486 h.
1157 465 1190 487 6.
1215 464 1404 488 coronam
1431 463 1565 502 quer--

170 520 285 556 nam,
313 514 539 561 praemium
568 516 734 553 victoris
758 515 800 552 in
824 529 948 567 agone
970 516 1226 568 Capitolino,
1259 531 1379 569 quem
1407 518 1573 559 Domis

171 576 306 614 tianus
350 581 538 631 exemplo
583 582 894 633 Olympicorum
927 584 1119 622 ludorum
1152 585 1352 628 instituit,
1402 586 1571 636 quique--

175 645 485 696 quinquennalis
509 655 549 686 et
572 651 622 686 tri
628 650 840 700 plexvsuif,
867 652 1065 700 musicus,
1104 658 1293 703 equester
1325 665 1368 688 ac
1395 653 1559 702 gymni-

174 724 255 749 CUS·
295 709 352 731 ¹0²
421 716 618 753 Similiter
665 719 865 768 Tarpeias
910 726 1084 771 quercus
1124 725 1166 756 et
1200 719 1398 770 fivnclem
1451 718 1560 756 dixit

175 777 351 827 Martial.
386 782 458 829 IV,
495 798 529 828 1,
567 784 602 821 6.
648 786 710 833 54,
753 799 784 823 1.
821 798 857 824 2.
891 786 1007 833 VHI,
1045 788 1108 834 82,
1141 799 1176 835 7.
1202 787 1279 833 IX,
1300 788 1340 835 4,
1371 788 1406 824 8.
1427 790 1491 833 41,
1528 800 1559 823 1.

176 847 317 884 Pollio
350 850 631 896 citharoedus,
676 853 792 890 cuius
829 859 870 891 et
901 855 1056 891 mentio
1092 854 1139 895 fit
1175 854 1283 901 VII,
1309 867 1395 904 179.
1427 860 1467 890 et
1499 868 1561 904 ap.

178 912 297 951 Mart.
322 916 395 964 IV,
420 918 483 967 61,
509 933 544 970 9.
660 922 740 959 588
761 935 842 972 seq.
874 924 1003 959 Amor
1025 912 1243 972 coniugalis
1279 935 1323 958 ac
1355 927 1564 958 maternus

175 993 260 1020 non
296 985 448 1037 maior,
486 1001 604 1038 quam
623 1001 762 1035 amor,
793 1003 873 1040 quo
896 988 1178 1026 citharoedum
1203 988 1563 1038 complectebatur,

178 1061 266 1086 csse
285 1058 354 1088 aut
373 1052 864 1106 luculentius>significari
876 1086 886 1104 ,
916 1070 991 1094 nec
1017 1056 1166 1092 mulier
1186 1055 1311 1105 magis
1335 1055 1455 1092 anxia
1478 1069 1566 1092 esse

175 1123 339 1166 poterat
368 1134 444 1171 pro
477 1123 605 1160 salute
642 1130 684 1161 et
716 1123 1041 1162 convalescentia
1076 1123 1315 1173 aegrotantis
1352 1123 1489 1159 mariti
1522 1137 1567 1160 ac

178 1183 274 1233 filii,
313 1201 430 1238 quam
453 1203 528 1240 pro
557 1191 664 1228 sama
692 1192 946 1243 victoriaque
983 1189 1212 1228 citharoedi
1248 1190 1351 1227 fuit!
1411 1189 1567 1228 Excla-

178 1253 304 1291 matio
328 1262 472 1305 poetae
497 1271 590 1296 cum
613 1259 720 1297 iusta
751 1259 1044 1309 indignatione.
1163 1259 1256 1308 389.
1288 1256 1458 1294 medicis
1484 1260 1565 1294 tri-

181 1321 339 1367 stibus,
381 1324 415 1360 si
445 1325 594 1362 medici
632 1327 768 1364 tristes
805 1332 944 1364 essent
985 1340 1114 1377 erga,
1163 1330 1354 1375 propter,
1381 1325 1568 1374 filiolum

181 1387 291 1436 eius,
328 1388 379 1427 de
415 1392 529 1428 cuius
563 1394 692 1430 salute
726 1394 956 1445 desperant.
1069 1392 1251 1429 Medicis
1282 1398 1415 1429 autem
1448 1399 1570 1443 poeta

182 1453 316 1499 dixit,
354 1470 438 1495 non
472 1468 622 1507 matre,
661 1474 763 1511 quae
790 1460 965 1497 adulteri
993 1460 1140 1510 magis,
1168 1473 1288 1511 quam
1311 1459 1386 1496 filii
1408 1474 1504 1498 cura
1527 1466 1568 1497 et

183 1534 319 1560 amore
356 1525 549 1575 tangitur.
672 1529 765 1578 390.
808 1528 902 1578 391.
947 1527 1031 1575 Qui
1078 1527 1352 1576 precabantur
1391 1526 1570 1578 deosque

183 1589 431 1638 salutabant,
458 1594 637 1643 primum
657 1609 776 1632 aram
803 1600 991 1644 tangere,
1024 1596 1082 1636 (v.
1109 1593 1159 1630 ad
1192 1593 1262 1630 Sil.
1291 1593 1369 1636 III,
1402 1591 1484 1644 82.)
1527 1600 1569 1632 et

185 1664 293 1693 stare
319 1665 411 1696 ante
444 1674 531 1698 eam
568 1664 704 1711 eapite
751 1663 909 1709 velato,
953 1675 1006 1698 ne
1054 1660 1243 1697 sacrificii
1278 1660 1421 1709 religio
1456 1661 1572 1699 malis

185 1725 388 1762 ominibus
412 1728 671 1776 turbaretur,
698 1726 752 1750 ¹0³
793 1735 884 1767 tum
908 1742 1056 1779 corpus
1087 1728 1399 1765 dextroversum
1432 1729 1475 1765 in
1501 1743 1573 1766 or-

182 1790 276 1829 bem
312 1793 610 1845 circumagere,
647 1797 917 1847 procumbere
955 1797 1078 1832 etiam
1113 1794 1382 1845 dextramque
1414 1795 1572 1834 ori-ad-

182 1871 351 1897 movere
377 1861 592 1912 (adorare)
619 1864 814 1901 solebant.
871 1862 935 1900 Cf.
964 1863 1074 1899 Suet.
1105 1861 1244 1900 Vitell.
1267 1874 1304 1899 2.
1390 1862 1571 1909 cithara,

183 1927 431 1967 citharoedo.
547 1931 640 1981 392.
678 1932 862 1968 Pertulit
895 1930 1018 1967 verba
1048 1930 1210 1971 dictata
1249 1943 1271 1966 a
1305 1930 1516 1968 sacerdote
1538 1945 1569 1969 s.

184 1993 420 2047 haruspice,
464 1998 533 2048 qui
565 1999 826 2048 precantibus
862 1997 1047 2036 solennes
1081 2010 1250 2048 precum
1284 1996 1481 2034 formulas
1520 1998 1572 2036 de

187 2063 341 2114 scripto
370 2066 530 2114 praeire
562 2067 740 2112 solebat,
790 2079 841 2102 116
883 2065 981 2117 quid
1008 2064 1304 2115 praeteriretur
1337 2065 1571 2114 verborum,

186 2137 259 2168 aut
284 2138 594 2183 praeposterum
613 2133 829 2170 diceretur.
858 2133 922 2170 Ita
942 2133 1046 2170 Plin.
1071 2131 1276 2178 XXVIII,
1308 2144 1345 2169 2.
1458 2135 1569 2170 Per—

188 2199 312 2243 tulit,
370 2200 419 2237 ab
458 2200 577 2238 initio
623 2199 672 2237 ad
723 2199 847 2236 finem
891 2200 1078 2250 repetiit,
1126 2198 1194 2236 vel
1246 2197 1296 2236 ad
1336 2200 1458 2237 Deos.
1509 2201 1573 2240 Ita

187 2265 322 2303 Schol.
354 2268 471 2318 prob.
512 2267 695 2305 Gronov.
729 2266 780 2304 ad
811 2267 915 2304 Plin.
949 2265 1113 2313 XVIII,
1159 2267 1195 2303 4.
1234 2266 1304 2317 qui
1340 2267 1383 2304 id
1415 2267 1583 2306 dictum

187 2334 358 2384 putabat
401 2348 549 2386 genere
600 2334 794 2385 loquendi
845 2335 1017 2373 satiram
1062 2332 1281 2371 admodum
1322 2333 1484 2373 decenti
1527 2337 1574 2374 in

187 2401 378 2451 precibus
422 2403 664 2454 praesertim
710 2415 854 2453 parum
892 2402 1084 2454 probatis.
1151 2403 1330 2439 Dictata
1379 2405 1576 2454 magistri

239 2510 312 2531 102.
360 2500 415 2532 Cf.
456 2499 500 2532 ad
527 2500 603 2542 vll,
640 2498 695 2533 86.
732 2500 847 2544 Intpp.
959 2501 1034 2534 103.
1084 2500 1140 2532 Cf.
1175 2500 1326 2531 M'artial.
1358 2488 1517 2544 XII,³77,
1539 2512 1570 2534 1.

192 2556 336 2590 Sueten.
368 2558 503 2590 Domit.
530 2571 559 2590 c.
592 2559 624 2592 4.
651 2557 780 2600 Scalig.
808 2557 852 2588 de
909 2569 941 2590 2.
963 2559 1081 2601 Iutpp.
1099 2549 1199 2599 Virg.
1220 2558 1306 2588 Aen.
1332 2556 1391 2596 1-11,
1414 2557 1479 2590 405
1500 2569 1573 2599 seq.

188 2614 340 2658 ljlmend.
362 2616 486 2658 Temp.
513 2615 552 2647 L.
583 2615 624 2648 V.
644 2627 679 2659 p.
703 2614 768 2661 476
780 2626 851 2659 seq.
910 2614 1004 2647 Plut.
1033 2616 1172 2658 Quaest.
1203 2614 1304 2646 Rom.
1335 2624 1367 2662 2.
1391 2625 1442 2646 10.
1464 2623 1497 2647 et
1520 2613 1571 2647 13.

187 2679 220 2702 et
243 2671 373 2704 Ausou.
397 2673 493 2704 Lect.
514 2673 542 2714 l,
566 2683 618 2706 ιο.
908 2673 1066 2706 Macrob.
1089 2672 1162 2721 Sat.
1193 2672 1219 2714 I,
1239 2672 1271 2705 8.
1291 2672 1358 2714 III,
1376 2670 1411 2703 6.
