1686 3089
124 155 209 210 574
521 122 1105 197 COMMENTARIVS

118 275 172 314 Ἀ.
202 276 246 313 Ρ.
270 287 308 313 v.
333 273 409 325 169
431 286 512 325 seq.
539 272 612 311 sed
635 279 675 309 et
702 286 772 319 ea,
801 284 901 322 quae
935 275 1079 308 contra
1111 270 1334 321 disputavit
1358 271 1503 310 Cicero

123 344 168 381 in
189 342 343 380 Catone
363 341 528 379 maiore.
555 362 611 370 —
673 342 760 389 189.
786 339 882 373 Iioe
906 339 1048 382 solum,
1077 344 1278 389 tamquam
1300 354 1504 377 summum

125 411 301 457 bonum,
328 417 449 459 optas
474 422 643 459 orasque
664 411 704 443 et
725 412 858 448 reclO,
890 411 1048 452 erecto,
1078 406 1215 453 vulla,
1245 414 1283 442 et
1297 407 1503 456 pallidas,

122 477 165 516 11.
193 492 226 515 e.
251 483 292 514 et
313 477 442 514 laetus
471 483 509 513 et
527 475 667 521 tristis,
694 472 767 510 vel*
789 477 828 509 et
851 485 968 509 sanus
995 478 1037 520 et
1062 479 1270 522 aegrotus:
1290 486 1382 510 nam
1405 473 1504 510 laeti

122 559 171 582 ac
197 545 284 583 sani
303 544 463 581 vultum
488 542 697 583 adtollere,
727 539 865 576 tristes
889 545 931 576 et
953 540 1107 589 aegroti
1122 539 1339 577 demittere
1360 540 1503 576 solent.

122 611 260 652 Possis
302 617 343 650 et
377 622 606 661 exponere:
647 607 733 644 sine
767 612 807 642 et
842 619 933 643 cum
960 606 1116 657 pudore
1138 620 1180 643 ac
1204 614 1339 654 metu;
1371 608 1430 652 (v.
1457 605 1508 642 ad

121 681 196 728 VI,
224 678 338 726 401.)
370 677 476 730 quod
499 682 635 712 tamen
661 674 793 711 minus
815 674 941 710 verbo
968 682 1110 723 optare
1136 676 1339 711 convenit.
1399 673 1507 721 Qui-

123 748 217 786 dam
248 748 590 796 interpretantur:
631 749 736 778 recto
772 741 908 787 vulla,
951 747 1112 791 aperte,
1142 755 1224 778 non
1256 742 1382 789 clam,
1413 741 1508 792 quia

123 815 203 854 hoc
234 827 350 853 orare
373 825 455 849 11011
477 809 617 861 pudet,
646 808 720 851 (cs.
747 808 858 846 Pers.
886 808 939 855 ΙΙ,
965 809 987 845 8
1007 805 1106 860 seq.)
1136 817 1173 846 et
1190 809 1381 859 pallidus
1410 822 1509 858 prae

121 883 251 920 nimio
272 887 361 918 tum
387 877 605 921 desiderio,
635 881 723 913 tum
744 881 857 913 metu
880 889 963 912 11011
986 876 1211 920 obtinendi,
1241 876 1349 928 quod
1361 877 1508 913 anxius

121 952 312 1002 precaris.

239 1029 310 1067 191
344 1027 423 1064 seq.
483 1011 657 1058 Tristis,
699 1010 770 1049 sed
804 1015 895 1062 apta
922 1011 1141 1047 senectutis
1164 1011 1295 1061 imago
1414 1022 1503 1062 192.

123 1083 387 1122 Dissimilem
409 1082 487 1127 sui,
517 1092 600 1116 non
617 1079 745 1130 qualis
768 1078 865 1114 olim
889 1078 1025 1115 suerat
1045 1078 1087 1114 111
1111 1078 1338 1115 iuventute.
1385 1078 1505 1116 Cons.

119 1151 267 1188 Horat.
301 1148 378 1186 Od.
421 1147 494 1194 IV,
532 1160 607 1190 10,
650 1158 742 1183 2—
759 1147 795 1182 8.
846 1146 1000 1195 pellem
1020 1145 1262 1196 deformem,
1303 1158 1504 1195 rugosam,

120 1217 402 1262 macilentam,
428 1227 675 1264 exsanguem
699 1218 742 1250 et
771 1226 976 1264 asperam,
1008 1226 1088 1263 pro
1127 1221 1240 1261 cate,
1264 1213 1367 1251 ·10c0
1400 1214 1505 1251 cutis

120 1291 309 1331 tenerae,
343 1283 462 1321 vivae
484 1295 529 1318 ac
550 1280 713 1318 nitidae.
774 1281 891 1317 Cutis
923 1280 1140 1318 iuvenibus
1172 1294 1215 1317 ac
1251 1280 1377 1329 vivis,
1413 1281 1508 1332 pel-

122 1353 176 1389 lis
201 1351 367 1388 senibus
405 1364 450 1387 ac
486 1348 662 1386 mortuis
684 1347 908 1395 tribuitur5
933 1353 981 1384 ut
1000 1348 1081 1385 illis
1104 1343 1211 1402 χρώς
1229 1354 1269 1385 et
1288 1347 1352 1385 his
1380 1348 1507 1403 δέρμα

121 1420 191 1457 vel
220 1413 331 1472 ῥινός
351 1418 399 1455 ab
423 1418 544 1455 Hom.
578 1415 656 1453 Od.
678 1414 797 1462 XIII,
825 1416 907 1452 480
933 1429 1013 1466 seq.
1041 1416 1292 1467 etApollon.
1316 1416 1378 1463 VII,
1412 1428 1505 1454 200.

122 1487 190 1524 Cf.
214 1485 380 1523 WVakes.
408 1483 458 1520 ad
486 1484 653 1520 Lucret.
685 1481 760 1528 VI,
798 1481 914 1518 1268.
955 1488 995 1518 et
1024 1482 1249 1519 Mitscherl.
1281 1481 1330 1519 ad
1358 1483 1504 1520 Horat.

120 1553 253 1605 Epod.
278 1552 425 1595 XVII,
450 1563 516 1588 22.
575 1549 822 1598 Plerumque
844 1554 979 1584 tamen
1002 1549 1109 1585 inter
1132 1549 1220 1585 illas
1254 1562 1374 1586 voces
1401 1548 1506 1586 nihil

120 1622 302 1658 interest.
362 1618 595 1655 Petulantes
615 1628 775 1667 genas,
802 1614 1024 1665 pendulas,
1053 1616 1289 1654 macilentas
1327 1622 1368 1653 et
1402 1616 1502 1653 ssac—

121 1693 277 1734 centes,
305 1699 400 1738 quas
427 1685 497 1722 alii
510 1686 694 1733 fluentes
716 1683 866 1718 baccas
883 1687 924 1717 et
945 1683 1080 1719 malas
1100 1683 1282 1720 labentes
1303 1681 1504 1721 dicunt.⁶³

121 1777 178 1785 .-...
210 1753 456 1805 193--195.
483 1752 649 1788 Festive
674 1748 725 1784 de
750 1749 860 1798 rugis
884 1761 1040 1785 senum.
1098 1749 1208 1787 Nota
1234 1764 1394 1802 quoque
1408 1757 1504 1789 sunt

119 1822 246 1860 Ennii
280 1821 499 1870 verbafap.
532 1817 618 1855 Cic.
655 1815 707 1853 N.
748 1816 800 1852 D.
838 1815 870 1863 I,
906 1816 971 1853 35.
998 1816 1134 1854 :S'imia
1175 1832 1300 1869 quam
1337 1819 1504 1863 similis,

119 1890 364 1939 turpissima
398 1887 552 1932 hestia,
582 1884 734 1921 nobis?
757 1882 807 1920 de
829 1896 909 1934 quo
935 1883 987 1920 cs.
1015 1884 1120 1921 le.
1145 1885 1260 1932 VIII,
1287 1888 1350 1924 54.
1383 1900 1410 1923 s.
1439 1888 1502 1924 80.

121 1963 163 1994 et
187 1957 262 2003 XI,
290 1957 356 1992 44.
379 1969 407 1992 s.
449 1966 537 1991 100.
655 1951 866 1995 Tabraca,
913 1951 1011 1988 urbs
1042 1952 1246 1989 maritima
1273 1953 1504 2001 Numidiae,

123 2037 226 2074 quae
264 2024 385 2059 etiam
416 2035 524 2059 nunc
559 2025 677 2058 vetus
718 2019 893 2056 retinuit
925 2032 1085 2055 nomen.
1157 2018 1220 2057 Cf.
1257 2021 1352 2058 Var.
1385 2021 1502 2059 Lect.

123 2092 197 2129 ubi
210 2091 369 2142 pandit
398 2089 589 2126 Tabraca
610 2087 742 2124 sallus
773 2086 1041 2136 umbriferos,
1085 2086 1158 2124 ubi
1182 2086 1303 2124 densa
1322 2102 1365 2125 se
1400 2089 1504 2138 pan-

120 2157 205 2206 dit,
243 2159 325 2195 ]ate
355 2163 492 2208 patet,
535 2155 639 2192 silva
674 2167 804 2204 prope
837 2154 1085 2201 Tabracam,
1124 2155 1168 2190 in
1200 2168 1272 2191 ora
1303 2155 1505 2192 maritima

120 2225 302 2276 Libyae-3
333 2225 378 2262 in
404 2237 483 2275 qua
503 2222 604 2260 silva
627 2220 873 2258 Posidonius
899 2221 1042 2257 multas
1072 2220 1177 2258 vidit
1205 2222 1363 2270 simias,
1399 2228 1504 2259 teste

121 2293 254 2330 strab.
275 2293 345 2330 lib.
369 2290 509 2330 XVII.
529 2295 571 2327 et
598 2288 812 2326 Herodoto
834 2288 902 2325 lib.
924 2288 998 2326 IV.
1117 2291 1163 2325 in
1189 2290 1328 2326 vetula
1347 2289 1476 2326 bacca
1491 2306 1502 2326 :

125 2373 218 2397 nam
240 2373 365 2409 genae
391 2359 514 2396 etiam
533 2357 743 2394 simiarum
775 2361 985 2393 senectute
1015 2361 1297 2407 corrugantur.
1414 2355 1503 2407 196.

129 2439 218 2477 197.
249 2427 421 2464 Iuvenes
439 2425 663 2476 plurimum
687 2422 880 2460 differunt
902 2424 1033 2460 forma
1055 2436 1101 2459 ac
1131 2423 1293 2461 robore.
1412 2423 1504 2473 198.v

126 2495 244 2542 Vox,
275 2493 437 2545 loquela
459 2502 603 2530 senum
627 2502 800 2530 tremens
827 2497 867 2527 et
901 2490 1115 2537 vacillans,
1157 2495 1204 2527 ut
1236 2495 1277 2526 et
1310 2489 1502 2526 membra.

130 2574 222 2612 199.
252 2561 319 2597 Sic
343 2561 512 2597 Lucian.
536 2559 644 2596 Dial.
671 2559 794 2595 Mori.
821 2557 897 2605 IX,
919 2570 955 2595 2.
980 2557 1087 2595 dixit
1115 2557 1285 2610 γέροντα
1319 2557 1389 2598 καὶ
1418 2571 1504 2606 qa-

166 2646 222 2679 65.
256 2634 300 2679 1.
321 2649 432 2689 intpp.
469 2646 566 2681 Suet,
593 2645 682 2689 Aug.
702 2658 729 2678 c.
750 2657 803 2690 93.
832 2643 942 2677 Gron.
976 2643 1018 2676 ad
1045 2643 1168 2677 senec.
1197 2644 1339 2688 Ilippol.
1364 2655 1393 2676 v.
1422 2641 1501 2675 564.

122 2713 155 2737 et
175 2705 260 2736 Eru.
280 2704 364 2735 clav.
385 2703 456 2734 (rm.
477 2703 646 2745 influere.
