1686 3089
448 180 526 223 IN
570 179 804 222 IVVEN.
849 178 988 219 SAT.
1043 177 1117 219 VI.
1401 183 1486 223 255

96 306 215 358 putas
243 311 290 337 ac
324 298 494 350 speras?
561 296 692 335 Immo
715 308 814 334 vero
838 295 952 332 ocius
971 292 1081 331 illud
1103 293 1388 345 extorquebis,
1419 295 1486 334 sa..

99 368 218 405 cilius
247 366 359 404 illam
393 368 437 404 iu
470 364 574 402 hanc
606 363 791 416 impelles
812 367 992 400 mentem
1014 374 1044 399 s.
1073 375 1163 399 eam
1183 361 1410 412 perpelles‚
1438 369 1490 401 ut

97 448 181 471 uno
203 434 345 478 oculo,
387 446 507 485 quam
544 438 592 470 ut
632 445 716 469 uno
754 431 845 470 viro
893 437 1084 468 contenta
1121 431 1190 467 sit.
1221 448 1278 459 —
1319 430 1385 468 54.
1421 430 1491 469 Cf.

95 501 243 542 Horat.
271 501 352 538 Sat.
375 502 426 549 II,
451 501 490 545 5,
515 501 580 538 35.
609 499 680 540 Sil.
702 498 775 547 IV,
801 497 890 547 758.
913 511 948 549 9.

209 569 404 620 55-59.
459 568 517 606 At
550 566 658 604 d-icat
689 565 829 604 forsan
865 564 1035 616 aliquis,
1074 564 1282 614 virginem
1311 565 1378 602 vel
1399 571 1492 604 ma-'

98 642 261 675 tronam
287 636 377 674 ruri
406 634 613 673 viventem
647 633 808 684 (qualis
844 632 955 670 sorte
989 645 1139 683 sponsa
1170 631 1253 669 suit
1284 629 1494 687 Postumi)

97 705 326 742 castitatem
348 715 536 749 servare,
574 705 615 738 et
649 701 693 738 in
729 700 857 751 agris,
896 699 968 737 ubi
997 711 1134 737 mores
1167 699 1327 748 minus,
1367 714 1492 752 quam

96 770 142 808 in
174 770 358 822 oppidis,
392 769 578 820 corrupti
601 770 705 815 sint,
746 767 938 805 mulieres
969 767 1094 804 etiam
1125 779 1240 805 nunc
1264 768 1493 819 pudicitiae

84 837 242 889 fama,
272 836 578 875 existimatione
597 849 641 873 ac
661 834 793 882 laude,
823 835 1060 885 conspicuas
1081 835 1273 886 reperiri.
1328 834 1492 874 Audio:

97 904 169 941 sed
204 917 307 955 quae
339 905 386 941 in
409 906 511 954 agro
538 909 645 940 caste
669 904 800 946 vixit,
840 902 899 938 ita
919 902 1041 939 etiam
1063 901 1215 940 Gabiis
1237 909 1278 940 et
1298 903 1489 949 Fidenis,

97 969 138 1008 h.
176 985 210 1008 e.
247 972 291 1008 in
328 970 513 1022 oppidiS,
552 972 700 1008 vivat!
757 968 852 1020 (nisi
890 968 1033 1006 malis:
1074 974 1114 1007 at
1151 969 1296 1008 eadem
1326 971 1492 1020 mulier,

101 1052 202 1089 quae
235 1039 278 1075 in
311 1051 404 1088 agro
438 1043 546 1074 caste
578 1036 712 1084 vixit,
742 1036 822 1073 iam
840 1035 954 1073 vivat
975 1036 1021 1074 in
1044 1036 1222 1087 oppidis,
1246 1050 1493 1089 quamquam

97 1106 236 1157 parvis
259 1119 303 1143 ac
328 1104 521 1150 desertis,
551 1104 619 1141 vel
644 1103 743 1140 adeo
766 1102 943 1150 Romae3
974 1103 1184 1155 quomodo
1206 1111 1291 1142 tum
1312 1105 1495 1156 vivet?)

99 1173 155 1209 Et
177 1175 223 1209 in
243 1173 378 1223 agello
409 1171 573 1222 quidem
588 1179 764 1222 paterno
789 1183 877 1208 eam
913 1177 1021 1208 caste
1052 1172 1211 1209 vixisse
1245 1172 1364 1219 cedo,
1389 1186 1493 1212 con-

98 1240 219 1277 cedo:
264 1239 368 1289 Quis
400 1248 539 1276 tamen
574 1240 776 1290 affirmet,
818 1237 1060 1288 contendet,
1101 1241 1149 1276 in
1181 1240 1389 1277 montibus
1416 1248 1494 1279 aut

99 1308 335 1358 speluncis,
376 1319 471 1356 agro
505 1312 677 1356 paterno
710 1305 880 1352 vicinis,
917 1311 981 1350 et,
1019 1306 1054 1343 si
1084 1319 1168 1344 non
1192 1307 1349 1358 palam,
1380 1314 1498 1346 certe

100 1374 224 1420 clam,
266 1373 378 1411 nihil
409 1374 607 1425 impudici
630 1387 722 1412 cum
748 1380 791 1411 et
819 1374 867 1411 ab
892 1386 939 1411 ea
966 1382 1106 1411 actum
1117 1401 1131 1419 ,
1163 1375 1236 1412 vel
1252 1374 1388 1413 labem
1411 1390 1496 1427 pu-

98 1441 264 1483 dicitiae
289 1442 375 1478 eius
401 1440 657 1491 adspersam,
696 1448 882 1492 stuprum
908 1440 946 1477 ei
969 1440 1130 1479 illatum
1157 1454 1250 1479 esse
1266 1442 1286 1479 ’.Ρ
1341 1443 1491 1483 Mauso

99 1514 262 1553 monet,
303 1506 408 1545 nihil
441 1506 587 1545 horum
626 1513 771 1559 poetae
792 1508 838 1545 in
862 1512 1044 1546 mentem
1070 1509 1263 1554 venisse,
1291 1510 1364 1548 sed
1384 1525 1495 1560 eum,

99 1575 149 1613 de
180 1575 364 1613 omnium
400 1574 620 1612 mulierum
650 1575 805 1613 virtute
836 1581 878 1613 et
908 1574 1047 1612 illaesa
1069 1575 1273 1626 pudicitia
1297 1577 1496 1617 dubitan—

101 1649 208 1689 tem,
260 1642 416 1690 amico,
457 1654 528 1678 rus
562 1642 755 1693 rurisque
785 1656 921 1681 mores
960 1642 1166 1692 laudanti,
1212 1645 1503 1696 responden-ed

99 1710 344 1760 „Lubenter'
370 1709 502 1747 fateor
514 1736 528 1753 ,
569 1710 615 1747 in
642 1710 747 1761 agris
771 1712 905 1748 minus
926 1712 1111 1762 peccari,
1143 1725 1270 1763 quum
1292 1710 1501 1764 peccandi?

99 1778 215 1816 locus
247 1783 289 1814 et
327 1776 483 1814 occasio
519 1777 577 1814 ibi
601 1776 756 1826 desint3
794 1792 870 1815 nec
892 1778 925 1815 is
949 1791 1063 1826 sum,
1089 1779 1160 1832 qui
1174 1786 1331 1830 neget,
1368 1781 1403 1819 si
1423 1795 1498 1819 se-

102 1845 194 1883 dem
221 1845 481 1883 fortunarum
505 1851 670 1883 tuarum
692 1846 736 1882 in
760 1845 862 1883 vicis
887 1844 1083 1894 desertis,
1120 1847 1260 1898 quales
1282 1854 1379 1886 sunt
1404 1849 1494 1887 Ga—

101 1913 161 1953 bii
190 1918 233 1950 et
263 1912 465 1961 Fidenae,
506 1926 590 1951 non
624 1912 781 1950 Romae
804 1912 1050 1958 collocares,
1080 1913 1324 1965 pudicitiam
1348 1918 1496 1955 uxoris

101 1979 272 2018 eandem
305 1980 357 2016 ob
394 1993 554 2018 causam
584 1981 708 2030 magis
740 1980 891 2018 salvam
918 1987 957 2019 et
988 1981 1239 2020 incolumem
1267 1983 1348 2022 tibi
1386 1983 1494 2023 fore.

101 2047 158 2084 At
189 2047 278 2098 quis
313 2052 512 2098 praestet,
550 2046 658 2084 nihil
683 2048 763 2086 iam
794 2054 910 2086 antea
935 2049 980 2087 in
999 2049 1208 2087 montibus
1231 2054 1495 2094 commissum

99 2113 260 2153 fuisse?
316 2113 431 2152 Adeo
454 2128 585 2165 prona
608 2122 668 2153 est
692 2115 970 2168 injibidinem
993 2117 1124 2155 omnis
1154 2118 1308 2157 mulier
1329 2127 1374 2158 et
1401 2127 1496 2159 tan-

101 2187 167 2219 tus
188 2180 370 2232 undique
391 2195 586 2220 numerus
609 2189 916 2235 corruptorum,
938 2189 988 2221 ut
1008 2197 1130 2223 nemo
1150 2199 1268 2224 sanus
1287 2200 1367 2239 pro
1380 2197 1494 2231 certo

103 2247 307 2288 affirmare
345 2249 499 2300 possit,
534 2249 735 2302 integram
767 2257 810 2289 et
840 2251 1034 2290 intactam
1055 2266 1164 2302 esse,
1201 2266 1323 2305 quam
1344 2257 1500 2295 matri-

102 2317 244 2354 monio
277 2316 356 2353 sibi
386 2316 566 2367 iungat.“
631 2318 751 2356 Hanc
782 2331 882 2357 vero
906 2319 1295 2371 interpretationem
1315 2324 1498 2370 multum

107 2397 131 2428 a
164 2396 256 2420 mea
290 2382 454 2422 differre
481 2386 575 2424 eive
606 2386 920 2438 praeferendam
954 2402 1061 2438 esse,
1093 2401 1178 2427 non
1195 2377 1293 2428 eatis
1316 2390 1424 2430 mihi
1442 2392 1498 2437 li-

106 2456 215 2502 quet.
275 2449 339 2487 Cs.
370 2452 410 2488 V
411 2466 465 2489 ar.
501 2453 615 2491 Lect.
733 2455 863 2492 Gabii
881 2469 973 2507 opp.
997 2455 1112 2493 Latii
1134 2462 1176 2494 et
1196 2457 1387 2504 Fidenae
1419 2459 1497 2497 Sa,-

108 2517 310 2555 binorum.
368 2517 553 2571 Utraque
571 2522 669 2560 urbs
689 2522 844 2560 Romae
870 2523 1122 2574 propinqua,
1164 2529 1207 2561 et
1231 2524 1330 2571 olim
1352 2537 1496 2578 magna

110 2583 192 2621 suit
226 2598 271 2622 ac
303 2585 517 2638 fre-quem,
560 2585 616 2643 (v.
645 2590 818 2640 Dionys.
841 2590 933 2628 Hal.
953 2589 1007 2630 II.
1030 2603 1070 2642 p.
1100 2587 1208 2643 116.)
1244 2593 1316 2638 sed
1348 2601 1496 2645 postea

109 2651 296 2701 ignobilis
311 2660 352 2692 et
366 2654 536 2700 deserta.
596 2657 660 2695 Cs.
683 2657 757 2695 inf.
783 2657 840 2706 X,
873 2670 961 2698 100.
988 2665 1028 2696 et
1043 2659 1188 2697 Horat.
1210 2658 1343 2712 Epist.
1371 2661 1404 2710 Ι,
1428 2675 1493 2706 11,

109 2731 144 2773 ’ῖ-
172 2721 208 2758 8.
238 2742 284 2751 -·-
322 2722 386 2774 59.
421 2724 580 2775 Jupiter
603 2734 642 2768 et
663 2727 813 2771 illam,
844 2726 915 2777 qui
939 2727 981 2764 in
1013 2727 1245 2777 montibus,
1284 2727 1493 2780 speluncis
