1686 3089
486 119 563 162 IN
607 118 840 161 IVVEN.
890 117 1029 164 sAT.
1071 119 1142 159 VI.
1433 124 1515 176 247

130 234 180 275 do
206 249 238 277 s,
259 233 470 287 gignendo.
499 247 538 274 v.
561 235 729 286 Festus,
759 235 874 289 Lips.
892 234 1026 273 Elect.
1051 234 1083 284 Ι,
1111 246 1172 285 17.
1203 234 1351 287 Heyne
1369 234 1420 274 ad
1431 233 1509 274 Ti-

126 303 222 341 bull.
248 301 281 352 I,
307 315 343 352 7,
356 303 408 354 49
427 317 509 356 seq.
535 304 665 355 intpp.
680 303 824 342 Horat.
841 301 1009 351 Od.111,
1038 315 1097 351 17,
1123 302 1173 341 14
1193 315 1275 354 seq.
1296 302 1510 341 Creuzer's

125 369 335 421 Symbolik
358 371 408 408 Τ.
427 371 501 409 III.
522 386 561 424 p.
589 373 707 423 [ἕδρᾳ.
731 371 784 410 36
794 385 874 423 seq.
887 371 951 409 50.
973 371 1052 408 432
1078 364 1161 422 seq.
1197 370 1314 408 Idem
1331 369 1509 406 lectulus

120 451 261 483 sacer,
292 439 387 490 quia
409 440 599 490 religiose
628 439 886 486 servabatur,
920 443 1127 490 tamquam
1154 436 1352 475 connubii
1374 437 1510 474 moni-

120 511 308 544 mentum
340 512 382 543 et
411 507 524 558 quasi
554 506 724 558 pignus,
755 512 795 544 et
820 506 914 558 quia
935 506 1051 544 nefas
1075 512 1161 553 est,
1192 511 1392 543 temerare
1412 502 1508 540 tha-

119 571 250 611 lamos
279 573 450 625 pudicos
484 580 526 611 et
556 574 725 612 foedera
755 575 883 623 lecti,
916 579 964 611 ut
998 579 1092 611 utar
1113 572 1251 611 verbis
1272 571 1395 610 Ovid.
1415 572 1507 608 Am.

120 639 155 688 I,
196 642 233 689 8,
277 654 338 692 19.
361 647 402 678 et
419 641 495 693 Ep.
522 643 623 680 Her.
650 643 701 690 V,
727 656 819 682 101.
845 661 900 670 —-
928 642 994 680 23.
1024 642 1091 681 24.
1125 641 1252 678 Omne
1277 638 1402 677 aliud
1421 639 1510 676 cri-

120 721 214 745 men
254 721 346 746 mox
374 709 521 760 ferrea
549 711 730 760 protulit
761 719 876 748 aetas
890 727 901 749 :
947 708 1019 746 sed
1058 707 1252 746 viderunt
1293 712 1370 745 cet.
1440 703 1508 744 Cf.

123 773 244 812 Ovid.
271 774 370 812 Met.
397 776 431 820 I,
457 788 531 825 127
552 791 633 827 seq.
663 783 704 814 et
729 778 826 815 Vas.
851 777 967 814 Leot.

232 841 287 882 25
315 856 397 895 seq.
451 844 545 882 Etsi
578 844 674 881 inde
713 859 735 882 a
765 845 877 882 Iovis
911 845 1167 895 temporibus
1185 843 1254 882 vel
1273 841 1412 881 seculo
1438 854 1507 879 ar·-

122 914 268 959 genteo
307 916 369 948 tot
394 910 475 948 iam
511 913 724 950 commissa
757 919 853 951 suut
888 911 1110 959 adulteria,
1164 920 1302 949 tamen
1342 909 1507 961 nuptias

121 988 240 1027 paras
250 1004 262 1024 ,
299 983 340 1015 et
369 977 533 1030 quidem
571 989 713 1017 nostra
737 988 1004 1031 tempestate,
1044 985 1173 1017 aetate
1201 978 1398 1030 pessima,
1429 989 1508 1028 qua

121 1043 303 1094 virgines
326 1050 367 1081 et
390 1053 596 1084 matronae
612 1075 621 1092 ‚
660 1049 830 1085 iuvenes
861 1054 902 1084 et
926 1046 1065 1084 mariti
1088 1046 1178 1084 sere
1203 1058 1343 1083 omnes
1369 1044 1510 1095 impu.-

121 1109 213 1148 dice
238 1112 415 1149 vivunt?
472 1114 589 1162 Quae
617 1113 716 1152 hacc
739 1121 800 1151 est
821 1113 1006 1152 insania?
1033 1134 1088 1142 --
1126 1114 1192 1151 25.
1223 1112 1363 1150 Verba
1381 1110 1512 1163 prisci

118 1179 220 1216 iuris
258 1176 354 1215 huic
393 1181 453 1219 rei
486 1182 678 1233 propria:
721 1195 847 1233 quum
878 1182 988 1219 enim
1019 1181 1128 1218 solus
1151 1185 1259 1218 esset
1281 1186 1509 1216 conveula-s

119 1252 161 1283 ct
198 1245 248 1283 de
268 1246 566 1286 conditionibus
590 1254 803 1299 ageretur,
829 1248 988 1299 puellae
1010 1257 1202 1299 speratae
1219 1274 1230 1292 ,
1273 1259 1400 1298 quum
1418 1259 1509 1295 pa—

119 1322 256 1357 ctum,
288 1328 368 1366 quo
390 1319 570 1366 sponsus}
590 1316 861 1367 stipulabatur
896 1321 938 1353 et
971 1321 1088 1367 pater
1111 1329 1153 1353 se
1176 1314 1302 1352 filiam
1328 1313 1365 1350 ei
1386 1312 1509 1351 datu-

118 1395 212 1420 rum
241 1382 487 1432 spondebat,
528 1393 704 1434 pac-cae,
743 1397 871 1435 quum
906 1383 1148 1434 sponsalia,
1195 1387 1363 1419 mutuus
1405 1392 1510 1417 con·

122 1455 302 1493 tractus,
329 1450 399 1501 qui
422 1450 489 1487 vel
509 1451 596 1488 solo
622 1450 916 1501 perficiebatur
945 1463 1149 1488 consensu
1169 1449 1238 1487 vel
1261 1449 1305 1486 in
1331 1447 1506 1494 tabulas,

119 1530 144 1555 a
166 1515 437 1567 signatoribus
459 1517 723 1567 obsignandas
740 1546 751 1566 ‚
779 1531 954 1568 sponsae
980 1516 1233 1555 dicebantur.
1329 1514 1396 1552 26.
1420 1514 1509 1554 Iam

117 1584 272 1622 nitidus
295 1598 380 1622 esse
404 1584 518 1635 cupis
543 1592 584 1622 et
615 1586 778 1636 placere
802 1585 975 1637 puellae.
1061 1586 1259 1622 Tonsores
1276 1595 1361 1621 non
1382 1580 1508 1620 modo

117 1652 307 1699 barbam,
347 1652 514 1702 capillos
550 1666 786 1705 unguesque
826 1651 1074 1700 tondebant,
1114 1650 1189 1700 (de
1224 1664 1305 1704 quo
1349 1648 1508 1700 triplici

121 1732 264 1758 eorum
286 1720 454 1769 negotio
475 1734 514 1757 v.
540 1721 766 1771 Boettigeri
788 1721 938 1760 Sabina
960 1734 1000 1772 p.
1027 1720 1123 1758 330.
1146 1720 1249 1771 seq.)
1282 1717 1354 1755 sed
1373 1717 1509 1755 crines

121 1799 283 1839 quoque
316 1787 537 1837 pectebant
570 1794 611 1825 et
644 1788 688 1826 in
724 1787 871 1839 gradus
896 1786 1153 1834 formabant,
1191 1786 1258 1823 vel
1279 1784 1509 1823 calamistro

119 1854 425 1893 convertebant.
500 1855 672 1894 Romani
692 1868 796 1893 anno
824 1854 989 1892 demum
1007 1853 1059 1891 U.
1087 1867 1120 1891 c.
1145 1851 1393 1890 CCCCLIV
1411 1857 1509 1890 ton-

120 1920 210 1960 deri
240 1921 425 1972 comique
462 1927 711 1972 coeperunt3
754 1922 891 1971 (Plin.
928 1921 1025 1967 VII,
1061 1922 1163 1972 59.)
1203 1927 1321 1958 antea
1348 1918 1509 1958 barbati

122 1995 240 2027 erant
259 1994 375 2040 atque
399 1988 579 2038 intonsi,
619 1989 858 2041 cultumque
882 1989 1068 2040 corporis
1094 1988 1362 2039 negligebant.
1417 1986 1510 2024 De·-

121 2056 237 2095 liuati
272 2061 406 2093 autem
439 2062 480 2094 et
514 2056 730 2094 formosuli
748 2055 935 2095 homines
954 2069 1111 2093 comam
1132 2068 1217 2092 non
1237 2053 1362 2095 modo
1382 2054 1509 2100 alere,

122 2122 194 2160 sed
219 2128 259 2160 et
278 2122 411 2160 colere
427 2155 438 2172 ,
467 2129 509 2160 et
531 2132 666 2162 comto
684 2137 870 2175 pecu-oque
897 2123 1045 2175 capillo
1067 2122 1190 2162 nitidi
1210 2136 1296 2161 esse
1311 2122 1509 2162 solebant.

122 2191 186 2229 Cf.
207 2189 359 2228 Tibull.
379 2189 407 2237 I,
436 2192 472 2238 8,
506 2203 530 2245 9
556 2212 605 2221 —-
635 2190 695 2230 16.
726 2196 767 2229 et
790 2191 865 2229 ins.
889 2189 940 2229 ad
959 2204 998 2229 v,
1024 2192 1116 2232 105.
1179 2190 1277 2228 Voc.
1304 2191 1506 2241 magistro

123 2257 325 2295 adiective
359 2257 536 2308 positum
572 2264 614 2296 et
651 2258 881 2311 exquisite,
918 2258 1147 2309 significans
1171 2258 1326 2297 crimen
1351 2270 1511 2298 summa

123 2331 209 2363 arte
229 2329 428 2372 comtum,
466 2325 530 2362 vel
573 2339 596 2363 a
633 2325 757 2365 docta
779 2341 909 2364 manu
939 2326 1120 2374 artificis
1135 2352 1149 2369 ‚
1193 2331 1242 2361 ut
1263 2338 1324 2376 ap.
1352 2324 1507 2362 Tibull.

122 2393 148 2430 Ι.
169 2391 196 2429 l.
280 2399 438 2429 tonsore
465 2394 674 2444 magistro,
689 2393 799 2432 sorte
824 2392 1021 2435 tondendi
1045 2391 1307 2444 peritissimo,
1326 2390 1406 2429 nisi
1431 2392 1509 2442 leg.

126 2469 284 2496 tonsore
306 2459 520 2506 nzitzistr05
560 2460 614 2497 H.
642 2458 775 2498 Vales.
862 2472 930 2507 27.
950 2461 1139 2511 pignus,
1177 2459 1374 2499 annulum
1409 2472 1511 2511 pro-

127 2526 309 2570 nubum,
350 2526 421 2577 qui
459 2527 710 2577 sponsalibus
746 2529 827 2566 rite
866 2527 986 2566 saetis
1022 2526 1322 2578 obsignatisque
1364 2527 1513 2565 tabulis

127 2607 297 2642 sponsae
316 2595 511 2644 pigneris
529 2594 598 2632 vel
618 2593 857 2633 arrhabonis
875 2592 1205 2645 sponsaliumque
1228 2594 1345 2638 loco,
1373 2600 1445 2632 aut
1467 2595 1514 2632 in

132 2659 254 2700 fidem
288 2660 423 2701 mutui
451 2661 616 2712 amoris,
661 2676 683 2702 a
706 2675 856 2715 sponso
892 2660 1065 2702 dabatur
1095 2660 1163 2701 vel
1190 2660 1451 2711 mittebatur,
1477 2666 1520 2701 et
