1686 3089
169 144 252 198 714
575 126 1154 186 coMMENTAmvs

167 261 349 310 inquirit
378 263 423 297 in
449 273 603 305 annos,
644 260 767 298 Ovid.
795 260 895 298 Met.
920 259 952 306 I,
980 259 1071 298 148.
1127 259 1266 298 Hosce
1294 273 1417 299 annos
1437 261 1553 300 filius

164 341 187 363 e
205 329 357 378 genesi
387 329 663 378 computabit,
700 328 767 366 vel
804 326 1127 365 mathematicos
1150 342 1196 365 ea
1222 328 1271 365 de
1293 342 1339 366 re
1361 331 1554 368 consulet,

162 399 225 441 ct,
257 396 290 432 si
311 394 355 431 hi
373 397 500 433 vitam
521 397 641 434 nimis
664 397 823 445 longam
848 395 925 432 tibi
947 395 1236 446 promiserint,
1268 409 1357 434 eam
1377 399 1456 435 tibi
1476 412 1553 436 ve-

158 473 267 499 nemo
293 462 460 513 eripiet,
502 470 547 501 ut
580 464 661 502 tuis
696 462 850 499 divitiis
884 462 996 499 ocius
1030 463 1225 513 potiatur.
1250 476 1287 500 v.
1311 462 1362 501 ad
1385 464 1460 513 III,
1483 466 1552 504 43.

160 528 229 566 44.
256 536 298 567 et
323 531 390 578 VI,
427 532 506 569 553
539 544 620 582 seq.
686 529 771 567 Sed
802 543 935 580 grave
969 535 1030 567 est
1062 529 1148 567 filio
1184 536 1277 578 tuo,
1319 541 1554 581 exspectare

160 598 309 649 tardas
338 599 473 643 colus,
515 604 713 641 mortem,
761 596 883 634 nimis
929 596 1045 634 tarde
1088 596 1138 634 ad
1168 603 1211 634 te
1250 597 1550 638 adventantem.

164 662 254 704 ‹1³⁶ss
283 666 434 717 μοίρης
462 681 504 707 τε
534 663 664 715 κακῆς
694 665 765 706 καὶ
800 660 956 717 namo}
993 659 1213 705 ἆθανοὲτου
1249 665 1372 704 Strat.
1407 667 1551 718 Epigr.

160 730 347 781 LXXII,
382 736 418 771 4.
454 734 498 771 in
532 733 710 770 Brunck.
740 732 857 770 Anal.
895 732 944 769 T.
977 732 1027 769 ΙΙ.
1057 746 1096 783 p.
1126 732 1220 781 376.
1263 734 1399 779 οοίιιε,
1438 735 1553 771 vitae

156 803 367 847 stamina,
400 815 501 853 quae
522 802 625 839 fusis
655 801 737 839 suis
769 801 919 838 Parcae
941 799 1107 837 ducunt.
1167 800 1310 838 tardas
1333 802 1467 846 colus,
1503 807 1553 840 ut

158 870 339 905 nimium
361 877 519 907 stamen
538 869 593 917 X,
634 870 727 907 252.
768 870 946 905 stamine
980 867 1204 905 Parcarum
1249 869 1432 906 nondam
1469 870 1548 907 ab-

157 945 303 986 rupto,
345 942 439 973 ante
473 937 702 975 naturalem
738 939 846 975 vitae
880 934 1058 972 modum.
1117 935 1211 973 251.
1241 945 1426 973 senectus
1459 951 1550 974 cer-

155 1006 282 1051 vina,
314 1018 481 1041 summa.
540 1004 607 1041 De
630 1005 751 1053 longa
786 1016 1005 1040 cervorum
1026 1003 1111 1040 vita
1143 1017 1182 1040 v.
1219 1003 1391 1041 Aristot.
1417 1004 1471 1041 H.
1497 1003 1550 1042 A.

153 1071 233 1119 IX,
261 1072 296 1110 6.
329 1079 370 1109 ct
393 1072 498 1109 Plin.
533 1072 649 1119 VIII,
675 1073 738 1108 32.
765 1084 793 1108 s,
818 1072 883 1108 50.
916 1076 1020 1108 extr.
1044 1091 1100 1100 —-
1158 1072 1252 1108 252.
1277 1070 1547 1121 Archigenen

154 1154 328 1192 quaere„
372 1139 409 1176 h.
446 1139 472 1176 l.
513 1139 729 1178 medicum.
760 1151 798 1176 v.
831 1138 881 1175 ad.
910 1139 983 1186 VI,
1014 1138 1079 1176 45.
1136 1144 1178 1176 et
1216 1139 1266 1176 de
1307 1122 1564 1190 Archigene⁵

152 1208 205 1245 ad
227 1208 300 1255 VI,
325 1208 417 1245 256.
477 1207 590 1258 qzcocl
611 1206 886 1243 fflitlzridates
909 1208 1166 1256 composuit,
1205 1207 1456 1256 antidotum,
1487 1206 1541 1244 de

153 1290 233 1328 qno
267 1289 305 1313 v.
331 1275 380 1312 ad
414 1275 495 1323 VI,
525 1275 618 1312 661.
647 1295 700 1304 —-
770 1275 862 1312 253.
897 1275 992 1312 254.
1023 1274 1071 1311 Sa·
1102 1277 1167 1311 vis
1201 1281 1468 1313 auctumnum
1502 1280 1546 1313 et

151 1357 227 1382 ver
250 1343 361 1381 aliud
383 1342 544 1389 videre,
578 1341 617 1379 11.
642 1355 673 1378 e.
700 1342 767 1379 vel
790 1355 944 1379 annum>
963 1343 1117 1380 vivere.
1176 1342 1433 1380 medicamen
1454 1342 1544 1381 Mi·-

150 1410 441 1457 thridaticum‚
476 1410 729 1456 antidotum,
769 1409 1139 1461 alexipharmacon.
1198 1418 1236 1447 et
1250 1418 1375 1460 pater
1392 1418 1433 1448 et
1455 1423 1541 1455 rex-5

148 1490 233 1516 non
257 1478 390 1514 minus
412 1483 551 1528 pater,
580 1490 698 1527 quam
721 1490 818 1524 rex3
851 1477 1041 1527 quoniam
1061 1476 1123 1514 his
1153 1478 1409 1528 temporibus
1431 1479 1542 1529 patri

148 1559 172 1582 a
193 1546 333 1583 liberis
354 1559 436 1582 non
457 1546 592 1581 minus
612 1543 877 1581 metuendum
904 1549 986 1590 est,
1016 1557 1134 1594 quam
1169 1551 1342 1593 tyranno
1376 1559 1399 1582 a
1435 1546 1540 1583 civi-

147 1612 237 1650 bus.
298 1613 436 1651 Verba
459 1617 594 1648 autem
614 1618 653 1648 et
672 1619 793 1660 pater
826 1619 864 1647 eb
894 1624 963 1647 rex
989 1610 1039 1647 ad
1059 1610 1247 1648 eumdem
1267 1625 1429 1663 qnoque
1452 1613 1541 1650 Mi—

148 1679 371 1717 thridatem
396 1679 549 1716 referri
586 1683 779 1729 possunt,
822 1677 892 1727 qui
921 1686 959 1713 et
982 1686 1107 1728 pater
1133 1687 1172 1715 et
1189 1693 1259 1715 rex
1281 1692 1304 1715 a
1328 1677 1539 1718 Pharnace

147 1746 257 1795 filio,
303 1747 373 1798 qui
406 1747 514 1797 patri
548 1746 702 1784 bellum
734 1744 954 1791 intulerat,
996 1745 1184 1782 obsessus
1207 1746 1248 1782 in
1276 1746 1386 1795 regia
1409 1759 1539 1785 vene-

147 1827 247 1852 num
267 1813 403 1852 hausit
432 1821 491 1862 et,
521 1828 647 1866 quum
672 1827 720 1849 co
756 1818 891 1849 sumto
922 1824 1067 1863 parum
1087 1812 1332 1863 profecisset
1348 1813 1398 1850 ad
1421 1828 1536 1852 mor-

146 1888 229 1920 tem
255 1881 581 1928 accelerandam,
614 1881 725 1929 (nam
753 1879 962 1930 frequenti
994 1892 1073 1916 usu
1106 1878 1407 1929 antidotorum,
1439 1882 1536 1934 qui-

146 1949 222 1987 bus
259 1951 307 1987 ab
344 1951 512 1987 ineunte
551 1954 680 1986 aetate
716 1961 758 1985 se
795 1947 1001 1985 munierat
1035 1946 1229 1984 adversus
1260 1960 1442 1994 venena,
1472 1950 1536 1988 vis

147 2032 291 2055 eornm
323 2018 539 2055 imminuta
568 2020 675 2062 erat)
718 2029 740 2051 a
772 2015 960 2062 Bitoeto,
999 2014 1131 2051 mil-ite
1166 2014 1299 2063 Gallo,
1335 2030 1357 2054 a
1381 2031 1463 2068 quo
1487 2017 1533 2056 id

145 2087 342 2137 petierat,
384 2085 629 2122 interfectus
664 2089 735 2119 est.
799 2082 862 2119 Cf.
897 2082 990 2119 Liv.
1021 2080 1132 2132 Epit.
1165 2080 1250 2118 CII.
1292 2083 1467 2134 Appian.
1492 2086 1531 2123 b.

144 2153 333 2191 Mithrid.
360 2167 393 2190 c.
423 2166 499 2203 109
526 2173 581 2178 -
612 2163 701 2189 112.
732 2149 836 2186 Plut.
859 2149 1000 2200 Pomp.
1016 2163 1053 2200 p.
1079 2149 1170 2186 641.
1201 2149 1284 2187 Dio
1298 2150 1531 2202 XXXVII,

149 2234 199 2259 10
224 2243 279 2249 —-
301 2222 363 2259 14⁴.
396 2220 502 2258 Gen.
526 2218 666 2266 XVII,
696 2217 756 2256 16.
779 2217 937 2255 fabric.
953 2216 1003 2254 ad
1031 2215 1150 2254 Oros·
1174 2217 1248 2265 VI,
1274 2219 1310 2256 5.
1334 2224 1375 2256 et
1397 2219 1531 2272 intpp.

142 2288 242 2326 Aur.
275 2289 384 2327 Vict.
407 2288 460 2326 V.
490 2288 521 2324 I.
543 2287 606 2336 76.

254 2356 336 2394 256
362 2370 442 2407 seq.
481 2355 683 2392 Maiorem
705 2353 967 2405 voluptatem,
999 2365 1117 2404 quam
1138 2363 1240 2404 quae
1261 2364 1315 2390 ex
1337 2352 1527 2400 theatris,

142 2421 181 2459 11.
208 2437 241 2460 e.
263 2422 370 2460 ludis
407 2422 578 2460 scenicis
613 2421 792 2472 capitur,
832 2420 999 2473 (quibus
1031 2420 1206 2458 Romani
1240 2421 1417 2459 maxime
1451 2421 1525 2460 de-

142 2488 415 2542 lectabantur)
438 2489 635 2541 promitto
657 2488 756 2536 tibi,
798 2488 831 2525 si
857 2486 1179 2527 consideraveris
1204 2487 1363 2525 labores
1386 2494 1428 2526 et
1448 2503 1526 2541 pe-

142 2559 293 2606 ricula,
331 2572 433 2609 quae
467 2557 577 2594 subit
622 2569 791 2605 avarus,
827 2561 875 2593 ut
913 2556 1026 2593 omni
1071 2554 1192 2593 modo
1234 2569 1320 2593 rem
1367 2562 1523 2607 augeat.

142 2629 235 2676 257.
258 2626 473 2663 Praetoris
485 2625 672 2674 pulpita,
698 2624 786 2662 ludi
812 2623 977 2667 scenici,
1004 2637 1027 2660 a
1048 2628 1237 2674 praetore
1259 2623 1352 2661 dati.
1409 2624 1524 2661 Pul-

139 2698 292 2749 pitum,
323 2693 494 2746 λογεῖον,
522 2690 726 2743 cathedra,
755 2696 964 2747 suggestus
984 2690 1031 2732 in
1051 2690 1270 2744 proscenio
1292 2705 1322 2730 s.
1348 2689 1520 2740 theatro,
