1686 3089
479 150 561 194 IN
601 149 842 192 IVVEN.
895 149 1036 191 SAT.
1090 149 1164 190 XI.
1435 148 1520 195 603

122 280 204 321 que
243 266 506 313 hominibus,
542 267 605 306 -ab
640 267 730 305 aliis
760 267 839 319 ipsi
873 263 1084 317 Apollini,
1124 264 1192 303 vel
1222 264 1310 303 eius
1339 265 1521 314 oraculo,'

119 341 327 386 tamquam
352 336 533 384 auctori,
556 335 749 388 (propter
769 334 949 375 divinam
973 333 1061 370 eius
1082 333 1396 384 praestantiam)
1435 333 1532 370 tri--

121 402 277 447 buitur.
308 399 346 421 ¹0
417 400 569 447 Γνῶθι
601 399 801 448 σεαυτόν,
843 415 965 440 nosce
998 407 1040 439 te
1070 402 1229 452 ipsum,
1278 400 1315 438 si
1359 400 1519 439 discere

123 457 262 521 cupis,
303 470 403 522 quid
433 471 531 519 tibi,
563 458 677 523 *quid
715 471 805 509 aliis
834 470 1005 518 debeas3
1059 475 1100 506 et
1134 468 1177 505 in
1207 474 1295 505 tota
1328 467 1416 504 *vita
1447 479 1521 517 age

121 537 349 578 secundum
378 539 530 587 animi,
580 540 765 590 corporis
798 544 839 575 et
878 537 1071 575 fortunae
1108 535 1221 575 vires
1259 548 1305 571 ac
1340 534 1523 572 modum.

123 603 246 643 Cons.
269 607 340 657 qui
362 605 463 644 haec
487 607 695 644 illustrant
719 606 907 643 Socrates
940 618 1000 656 ap.
1030 604 1136 642 Plat.
1163 604 1208 640 in
1239 600 1372 639 Alcib.
1409 601 1441 638 Ι.
1473 601 1525 640 Τ.

121 672 177 710 V.
208 685 247 724 p.
286 673 351 712 56.
393 673 458 711 65.
490 673 552 711 ed.
589 674 681 725 Bip.
715 679 758 711 et
789 674 880 710 Sen.
905 671 1038 723 Epist.
1063 673 1127 709 82.
1156 690 1213 697 —-
1270 671 1337 707 28.
1364 670 1527 721 Figen—

119 739 220 778 dam
249 739 367 790 illud,
399 739 519 778 altius
539 741 675 779 animo
700 740 954 790 infigendum
983 745 1055 786 est,
1079 745 1128 775 ut
1150 738 1195 776 in
1221 751 1269 775 eo
1287 735 1527 776 inhaereat.

125 805 191 844 Cf.
216 806 268 844 ad
291 808 346 852 V,
377 820 437 846 12.
468 829 524 835 —-
581 820 635 860 29
661 823 742 860 seq.
771 808 822 845 In
845 808 1035 846 omnibus
1059 806 1170 844 vitae
1203 805 1389 856 partibus
1421 803 1529 842 hanc

121 874 369 912 sententiam
394 876 551 913 oraculi
579 876 709 914 instar
728 875 908 922 consule,
938 888 977 912 v.
1006 889 1039 912 c.
1064 875 1109 911 in
1130 873 1403 911 matrimoniis
1426 884 1531 909 con-

124 940 351 990 trahendis,
379 949 428 980 ut
445 944 524 981 tibi
538 957 678 995 parem
701 943 835 990 duem,
850 942 918 980 vel
941 943 983 980 in
1004 940 1191 993 petendis
1211 939 1453 986 honoribus,
1482 944 1533 977 ut

125 1009 320 1061 explores
344 1016 452 1058 ante,
476 1023 576 1049 num
600 1011 652 1048 iis
674 1009 848 1048 idoneus
874 1009 1038 1061 illisque
1063 1010 1168 1046 bene
1193 1006 1531 1063 administrandis

126 1090 203 1128 par
235 1077 300 1114 sis.
426 1080 513 1115 site
551 1080 797 1129 coniugium
840 1091 1045 1129 quaeram
1081 1076 1126 1113 id
1167 1075 1277 1114 dixit
1311 1090 1366 1113 ex
1402 1075 1534 1113 altero

125 1144 334 1196 Sapientis
359 1144 494 1183 dicto:
527 1143 671 1198 (ovid.
697 1145 800 1183 Her.
821 1145 901 1189 IX,
924 1145 1010 1191 32.)
1041 1144 1147 1181 nube
1162 1144 1283 1194 pari,
1313 1142 1534 1181 GRANG.

127 1212 309 1250 Senatus
357 1215 497 1258 sacri,
548 1213 799 1262 venerandi,
853 1219 903 1251 ut
941 1207 1036 1265 ἱεροῖ
1066 1211 1306 1265 σύγκλητος.
1336 1207 1371 1227 ¹¹
1487 1212 1536 1248 in

122 1289 250 1329 parte
270 1280 476 1326 Senatu-,s
505 1281 705 1331 Senator,
748 1296 843 1320 esse.
871 1303 927 1311 —
986 1282 1052 1319 50.
1093 1279 1333 1317 51.Ve1ba
1369 1276 1538 1315 difficil-

127 1345 240 1395 lima,
264 1361 367 1399 quae
381 1349 478 1386 olim
493 1349 551 1386 ita
563 1349 888 1401 interpretabar:
915 1349 1014 1390 Non
1027 1346 1228 1400 petendos
1242 1359 1328 1383 esse
1342 1344 1537 1393 honores,

127 1414 288 1452 viribus
313 1416 464 1453 nostris
491 1417 692 1466 maiores,
720 1418 809 1469 ipse
836 1417 1044 1455 Thersites
1069 1413 1143 1462 (de
1168 1428 1248 1466 quo
1269 1428 1308 1451 v.
1333 1412 1385 1451 ad
1415 1412 1540 1460 VIII,

128 1481 250 1532 269.)
278 1483 502 1531 intellexit,
527 1485 610 1536 qui,
639 1485 825 1537 quamvis
854 1483 1143 1522 intolerantius
1170 1494 1214 1517 se
1234 1480 1419 1528 iactaret,
1451 1493 1540 1518 non

129 1554 267 1587 tamen
287 1551 347 1588 ita
367 1552 586 1590 immemor
606 1553 690 1591 suit
713 1566 812 1591 suae
834 1551 1051 1590 tenuitatis
1075 1556 1116 1587 et
1139 1547 1340 1599 ignaviae,
1370 1553 1417 1585 ut
1430 1548 1538 1584 lori-

127 1631 221 1655 cam
240 1623 282 1655 et
305 1618 465 1670 reliqua
483 1619 668 1657 Achillis
687 1633 800 1658 arma
830 1627 1040 1670 posceret,
1072 1619 1131 1663 (in
1167 1615 1319 1669 quibus
1330 1642 1344 1659 ,
1387 1615 1538 1666 quibus

130 1684 318 1733 indutus,
349 1687 438 1736 ipse
475 1688 638 1736 Ulysses
658 1701 698 1724 se
734 1686 1061 1734 transducebat,
1102 1698 1144 1721 se
1173 1682 1429 1731 videndum,
1469 1682 1540 1720 vel

92 1780 96 1784 .
131 1753 271 1803 potius
295 1767 338 1791 se
359 1753 580 1795 ridendum
598 1754 847 1805 praebebat3
883 1751 939 1804 (v.
964 1751 1015 1790 ad
1046 1751 1157 1798 VIII,
1186 1751 1271 1799 17.)
1301 1762 1395 1787 nam
1416 1756 1541 1801 pocta

132 1817 245 1858 haud
267 1820 391 1859 dubie
416 1821 603 1872 respexit
623 1820 930 1858 contentionem
949 1818 1126 1856 heroum
1146 1817 1196 1855 de
1217 1817 1339 1855 armis
1361 1816 1538 1856 Achillis

136 1886 210 1936 (de
243 1902 321 1940 qua
353 1888 436 1927 vid.
467 1902 554 1939 sup.
593 1887 644 1925 ad
671 1888 764 1934 VH,
808 1887 896 1924 115.
934 1892 977 1923 et
1007 1887 1064 1935 X,
1098 1886 1163 1923 84.
1191 1880 1276 1937 85.)
1307 1884 1541 1937 innuitque,

135 1953 238 1993 haec
273 1970 383 1994 arma
411 1971 463 1995 ne
496 1955 691 2007 Ulyssem
721 1954 886 2006 qui-lem
912 1953 1120 2002 decuisse,
1156 1966 1210 1990 ne
1238 1950 1349 1989 hunc
1373 1951 1543 2003 quidem

137 2023 190 2060 iis
219 2024 423 2074 gestandis
446 2038 587 2076 parem
613 2023 742 2061 fuisse
762 2023 832 2062 vel
851 2020 929 2060 hoc
960 2021 1121 2059 honore
1153 2019 1334 2070 dignum.
1391 2019 1542 2072 Neque

139 2090 299 2139 obstat,
338 2092 448 2144 quod
474 2090 577 2129 Ach.
613 2091 820 2130 obvertit:
860 2089 1037 2139 „nullibi
1068 2088 1241 2138 legimus
1252 2117 1263 2135 ‚
1301 2086 1496 2138 Ulyssem
1519 2100 1545 2125 a

142 2157 314 2197 Graecis
335 2165 507 2211 propter
526 2158 606 2197 hoc
631 2158 814 2196 derisum
839 2158 971 2195 fuisse
999 2156 1068 2195 vel
1096 2156 1222 2201 etiam
1256 2154 1440 2192 derideri
1467 2154 1545 2191 de-

140 2225 282 2268 buisse
295 2256 307 2276 ‚
339 2241 464 2279 quum
484 2228 652 2279 ipsimet
675 2227 794 2264 illum
830 2225 981 2263 Graeci
1008 2230 1154 2276 sponte
1181 2237 1253 2261 sua
1277 2228 1319 2259 et
1350 2223 1395 2260 in
1426 2235 1543 2259 com-

140 2293 444 2334 mendationem
469 2308 636 2334 suarum
665 2293 794 2348 (eius)
821 2295 1024 2332 virtutum
1048 2293 1171 2330 etiam
1191 2290 1310 2328 Aiaci
1330 2289 1545 2341 praetule-

141 2361 269 2399 rint.“
326 2362 422 2401 Sola
447 2363 707 2415 eloquentiae
732 2364 795 2401 vis
818 2362 861 2400 in
887 2360 1043 2398 iudicio
1070 2360 1142 2398 illo
1165 2358 1268 2397 vicit
1291 2362 1332 2395 et
1353 2355 1547 2408 superior

144 2427 526 2469 discessissetAiax
539 2460 550 2479 ,
578 2430 612 2468 si
631 2436 716 2468 tam
737 2435 924 2482 promtus
945 2429 1108 2480 lingua,
1134 2439 1257 2479 quani
1280 2438 1405 2463 manu
1436 2424 1545 2462 fuis-

191 2538 244 2562 10.
293 2529 349 2562 Cf.
384 2529 491 2571 Diog.
525 2528 641 2562 Laert.
680 2528 714 2562 1.
742 2528 817 2561 Cic.
925 2539 976 2560 11.
1032 2537 1065 2560 v.
1132 2524 1324 2569 Spanhem.
1380 2523 1424 2556 de
1480 2534 1547 2556 usu

147 2586 193 2620 ad
225 2587 295 2629 Qu.
318 2586 376 2619 Fr.
402 2586 468 2626 ΠΙ)
503 2585 535 2618 6.
559 2595 593 2618 et
619 2587 725 2619 Tusc.
747 2586 817 2629 Qu.
876 2586 923 2628 etl
952 2592 1079 2630 praest.
1128 2595 1228 2618 num.
1263 2582 1356 2616 Diss.
1404 2582 1454 2617 V.
1509 2591 1545 2624 p.

144 2644 173 2685 -Ῐ,
211 2655 265 2676 22·
299 2644 332 2688 §·
371 2644 431 2678 52.
454 2643 630 2679 Harduin.
656 2643 701 2676 ad
725 2642 820 2678 Plin.
875 2643 939 2677 411
959 2652 1034 2685 seq.

143 2702 222 2745 vn,
246 2701 288 2737 52
