1686 3089
512 138 591 179 IN
629 135 868 180 IVVEN.
907 135 1170 178 SAT.X11.
1450 133 1531 191 649

147 266 262 302 cum,
296 252 357 304 (v.
392 252 443 290 ad
472 253 552 302 IX,
589 250 694 305 137.)
734 253 848 292 cuius
893 248 1077 303 parvum
1122 253 1389 291 simulacrum
1421 252 1533 293 domi

148 315 296 369 habeo,
334 321 540 372 placabo,
584 321 811 359 venerabor
832 326 874 357 et
899 320 937 358 ei
966 320 1060 358 satis
1086 320 1253 369 faciam,
1299 334 1417 371 agens
1441 333 1535 370 gra-

146 388 223 425 tias
256 393 299 426 et
325 395 419 426 vota
452 389 712 440 persolvens,
749 402 801 425 ne
831 389 1049 436 irascatur,
1074 383 1112 409 ²⁵
1147 388 1215 426 vel
1248 388 1384 439 potius
1410 388 1536 427 thura

148 454 266 492 dan-⁹.
325 456 508 493 Laribus
534 457 746 505 paternis,
779 469 815 493 v.
845 454 894 492 ad
914 455 1028 503 VIII,
1056 457 1115 493 14.
1135 476 1183 485 --·
1247 467 1311 505 90.
1348 456 1530 501 lactabo,

147 535 330 573 spargam
361 522 503 571 flores,
534 523 640 573 inpr.
671 523 826 570 violas,
859 520 912 574 (v.
935 521 1104 561 casaub.
1129 522 1178 560 ad
1202 523 1312 560 Pers.
1347 523 1398 570 V,
1425 520 1535 574 182.)

150 594 191 626 et
216 589 380 639 quidem
406 591 613 634 omnium,
664 594 865 641 quotquot
900 596 1012 638 sunt,
1068 592 1266 639 colorum,
1316 590 1472 641 nigram
1506 605 1537 641 s,

148 655 326 707 pullam,
356 652 427 705 (τό
454 652 650 707 μελάνων
676 670 705 693 s.
737 652 823 698 κατ’
854 651 1000 709 ἐξοχῆν
1020 651 1068 697 ‘td
1097 658 1184 701 ἴον,
1224 658 1358 703 wilde,
1390 658 1540 695 [Zankle

149 723 398 768 sssffla1z1·iole)
430 723 573 770 albam,
606 721 823 770 (λευκόὶὸν,
853 724 956 761 helle
978 725 1115 772 Iside,
1145 723 1345 775 Leukojoe)
1373 723 1539 774 luteam,

148 783 216 836 (τὸ
242 785 462 842 φλόγινον)
484 791 703 842 anentem
734 799 807 829 cet.
824 788 934 819 ²⁶——
974 803 1038 843 91.
1065 804 1129 843 92.
1155 792 1243 830 Iam
1266 794 1403 831 omnia
1429 793 1542 832 domi

147 863 288 907 parata
315 863 412 895 suut
445 857 494 896 ad
529 858 628 897 sesti
654 858 735 896 diei
767 859 975 897 laetitiam.
1030 861 1176 897 >erexit
1226 862 1359 898 ianua
1389 874 1540 906 ramea,

149 921 190 961 11.
216 938 250 961 e.
271 925 395 973 rami,
423 926 531 976 inpr.
555 926 787 970 laurorum‚
824 927 973 975 erecti,
1011 927 1198 978 suspensi
1225 934 1319 965 sunt
1340 928 1385 964 in
1409 928 1542 966 ianua.

151 1003 189 1029 v.
214 991 264 1028 ad
285 1005 323 1030 v.
352 993 416 1030 84.
446 998 487 1030 et
512 994 585 1041 VI,
611 995 676 1031 51.
707 995 850 1045 longos
878 1009 1027 1039 ramos,
1060 1002 1108 1032 ut
1139 996 1304 1047 grandi
1327 996 1447 1033 lauro
1473 1010 1544 1033 or·-

154 1067 274 1096 netur
302 1061 435 1098 ianua
463 1060 537 1108 VI,
566 1073 630 1112 79.
670 1061 742 1098 ubi
762 1074 799 1097 v.
821 1067 905 1098 not.
928 1084 981 1092 --
1068 1074 1132 1113 92.
1170 1063 1303 1100 Sacris
1341 1062 1544 1115 festisque

154 1124 315 1174 diebus,
351 1126 395 1164 in
426 1129 536 1166 omni
562 1129 724 1180 publica
756 1127 996 1180 privataque
1022 1129 1198 1178 laetitia,
1243 1129 1465 1167 adianuas
1498 1143 1544 1168 ac

154 1191 376 1241 fenestras,
407 1195 526 1232 etiam
563 1195 698 1234 medio
723 1194 812 1243 die,
855 1197 1053 1235 catenulis
1089 1197 1442 1248 suspendebantur
1476 1198 1546 1234 la-

154 1274 316 1305 cernae,
337 1261 558 1313 lampades,
585 1264 707 1310 cerei,
733 1262 888 1300 funalia
914 1277 1103 1313 accensa3
1131 1264 1240 1301 unde
1258 1266 1376 1316 festa
1400 1267 1546 1314 ianua,

157 1334 198 1365 et
227 1328 338 1366 sorte
366 1342 450 1367 non
486 1330 574 1367 sine
610 1331 692 1368 sale
727 1331 873 1368 acerbo
903 1334 1146 1376 matutinis,
1195 1338 1399 1383 tamqnam
1434 1332 1544 1370 claro

157 1393 225 1433 die
244 1409 345 1446 opus
367 1403 473 1434 esset
498 1397 576 1434 alia
598 1397 701 1435 luce.
731 1397 772 1418 ²⁷
818 1407 1032 1448 operatur,
1076 1413 1114 1436 v.
1140 1400 1237 1437 Var.
1260 1399 1374 1436 Lect.

269 1464 320 1514 93
347 1476 427 1515 seq.
470 1464 615 1502 Subita
653 1471 825 1516 aptaque
856 1465 1097 1502 transitione
1128 1466 1178 1503 ad
1211 1466 1387 1504 alterum
1422 1467 1550 1519 idque

155 1530 397 1581 primarium
423 1531 579 1570 Satirae
613 1538 896 1582 argumentum
923 1532 1186 1584 progreditur
1220 1540 1342 1585 poeta
1377 1534 1550 1585 arripit-

158 1611 237 1649 que
284 1598 538 1637 occasionem
584 1599 662 1638 sibi
714 1601 890 1638 oblatam
927 1599 1187 1652 heredipetas
1230 1601 1549 1652 perstringendi.

159 1674 374 1715 suspecta,
426 1666 538 1716 quasi
565 1679 647 1704 non
677 1667 864 1717 profecta
894 1681 948 1704 ex
983 1668 1116 1705 animo
1151 1670 1193 1706 in
1217 1669 1392 1705 amicum
1419 1667 1550 1705 bene-

158 1732 256 1770 'volo
282 1738 324 1769 et
346 1745 444 1770 vera
470 1732 636 1781 laetitia,
665 1734 735 1770 sed
761 1747 814 1771 cx
839 1733 974 1770 studio
998 1734 1216 1785 captandae
1237 1734 1550 1773 hereditatis.—

161 1800 212 1852 95
236 1813 318 1851 seq.
374 1794 536 1848 Καινῆν
582 1797 664 1853 γάρ
701 1816 795 1841 τινα
843 1796 998 1850 ταύτην
1049 1801 1192 1855 τέχνην
1240 1799 1548 1854 ἐπινενοήκατε,

159 1865 302 1920 γραῶν
327 1867 396 1908 καὶ
426 1863 627 1920 γερόντων
650 1866 840 1922 ἐρῶντες,
871 1869 942 1908 καὶ
966 1863 1148 1920 μάλιστα
1184 1871 1223 1909 εἰ
1251 1866 1420 1910 ἄτθκνοι
1446 1868 1543 1911 εἶεν·

165 1938 206 1976 οἱ
233 1935 274 1975 δὲ
303 1932 482 1976 ἔντεκνοι
510 1930 606 1987 ὑμῖν
635 1931 881 1987 οἷνέρασιοι,
924 1935 1096 1973 Lucian.
1132 1937 1240 1974 Dial.
1265 1937 1389 1974 Mort.
1416 1938 1488 1982 VI,
1513 1935 1554 1982 5,

140 1991 141 1994 ¹
169 2002 296 2041 Libet
321 2011 571 2053 exspectare,
605 2010 817 2054 exspectet
850 2003 1009 2054 aliquis,
1038 2004 1106 2042 vel
1130 2003 1284 2042 frustra
1306 2006 1555 2056 exspectabo

164 2068 294 2107 donec
337 2070 587 2120 reperiatur,
639 2070 710 2122 qui
733 2077 809 2109 cet.
851 2070 1015 2120 (Germ.
1047 2070 1236 2109 darnaelz
1271 2081 1397 2110 warte
1431 2075 1556 2123 einer,

166 2136 235 2174 vel
263 2137 342 2174 den
372 2135 489 2188 mo'gt’
533 2136 601 2174 ich
625 2137 778 2190 seben.)
815 2160 864 2169 -—
938 2138 1003 2190 96.
1030 2139 1141 2176 Bene
1164 2152 1246 2176 non
1272 2139 1393 2177 modo
1417 2142 1556 2192 galli-

167 2217 267 2242 nam
289 2203 396 2242 dixit
417 2210 561 2255 poeta,
591 2205 661 2243 sed
685 2213 724 2244 et
750 2220 921 2258 aegram
952 2212 1072 2257 atque
1113 2207 1249 2244 oculos
1283 2207 1538 2246 claudentem
1542 2235 1565 2254 ,-

213 2325 270 2358 25.
290 2325 353 2359 Cf.
373 2328 486 2369 intpp.
507 2326 626 2360 Horat.
647 2327 718 2361 od.
731 2328 759 2370 I,
779 2327 835 2370 36,
892 2326 1158 2367 Tac.Ann.111‚
1177 2338 1210 2371 9.
1240 2325 1318 2369 (ubi
1339 2326 1382 2360 de
1402 2328 1560 2363 redeun-

170 2394 202 2416 2.
233 2391 267 2413 et
290 2383 354 2422 111,
377 2383 431 2423 25,
454 2383 486 2415 3.
891 2386 935 2417 tis
958 2385 1092 2418 Pisonis
1113 2382 1220 2414 domo
1249 2386 1377 2426 agitur*-
1407 2387 1558 2421 Casaub.

216 2439 271 2472 26.
297 2451 324 2470 v.
355 2438 466 2471 Curtii
502 2440 703 2484 Sprengelii
728 2441 836 2474 Anti-
893 2443 937 2475 ad
963 2445 1056 2476 Pers.
1085 2443 1128 2483 V,
1165 2442 1238 2473 180.
1270 2442 1344 2475 181.
1390 2442 1492 2477 Grot.
1517 2444 1562 2477 ad

171 2498 258 2540 quit.
293 2496 416 2528 Botan.
444 2496 546 2540 Spec.
574 2498 602 2531 I.
630 2511 658 2531 c.
685 2511 713 2531 1.
742 2499 834 2542 Lips.
894 2500 1079 2543 Capellam
1109 2511 1142 2541 p.
1166 2499 1220 2532 51.
1263 2499 1398 2533 Ferrar.
1427 2500 1471 2533 de
1501 2503 1561 2534 lu-

176 2553 274 2597 1798.
298 2562 331 2585 et
347 2553 445 2587 Voss.
461 2553 506 2586 ad
524 2554 836 2600 Virg.E01.11‚47.
894 2569 991 2589 cern.
1024 2557 1177 2599 sepulcr.
1206 2568 1242 2600 p.
1271 2556 1305 2592 5.
1332 2557 1496 2601 Sagittar.
1513 2557 1558 2591 de

174 2610 217 2652 V,
238 2611 294 2644 38.
321 2610 363 2651 X,
384 2611 439 2654 53.
894 2615 964 2647 ian.
989 2621 1077 2648 vett.
1096 2624 1128 2647 c.
1150 2613 1208 2647 52.

218 2682 274 2715 27.
301 2670 356 2704 Cs.
378 2670 472 2714 Lips.
494 2670 608 2704 Elem
629 2670 658 2713 1,
678 2670 710 2705 3.
739 2676 771 2703 et
795 2668 839 2702 ad
