1686 3089
447 155 523 198 IN
564 155 802 198 IVVEN.
856 155 1003 200 sAT.
1051 157 1081 200 Ι.
1411 154 1468 217 41

76 271 188 322 Virg.
205 270 306 309 Aen.
331 271 407 319 III,
430 271 524 311 456.
555 278 597 310 et
619 272 689 310 Sil.
715 272 748 317 Ι,
777 284 865 311 121.
913 268 1107 309 Ceterum
1131 271 1199 309 alii
1221 272 1472 324 Apollinem,

73 339 144 376 alii
168 337 425 387 Themidem,
455 341 578 392 (quae
597 348 691 392 post
713 340 925 379 Tellurem
950 345 990 377 et
1011 344 1106 377 ante
1133 339 1368 391 Apollinem
1396 357 1467 381 re-

73 419 225 456 sponsa
245 405 418 458 Delphis
438 406 594 445 dedisse
615 405 808 459 traditur)
836 408 906 445 alii
930 407 1065 458 ipsum
1089 407 1231 445 Iovem
1256 421 1278 445 a
1301 408 1469 448 Deuca-

72 471 183 511 lione
212 474 439 513 consultum
461 480 701 513 memorant.
729 488 767 512 v.
783 475 997 513 Muncker.
1021 474 1071 512 ad
1090 476 1242 526 Hygin.
1267 475 1348 514 sab.
1377 479 1468 516 140.

73 544 117 576 et
133 540 220 577 153.
309 544 466 590 anima,
486 543 601 580 cuius
613 549 802 581 naturam
814 542 934 581 multi
948 543 1046 580 olim
1060 541 1296 594 philosophi
1308 543 1470 594 igneam

74 619 162 644 esse
181 609 388 659 putabant,
419 610 636 649 caluerunt
654 611 797 648 mollia
821 624 948 657 ειη-ω
981 623 1083 663 quae
1106 610 1256 659 sabula,
1286 617 1333 648 ut
1356 612 1472 661 aliae,

76 688 132 712 ex
154 676 294 727 inepta
315 678 562 729 etymologia
580 685 698 726 orta,
729 692 852 730 quum
875 684 992 716 vetus
1020 678 1183 729 quidam
1205 684 1328 729 poeta
1350 675 1475 727 λαούς

74 755 130 780 ex
155 738 258 790 λάας
283 743 480 783 duxisset.
502 759 540 784 v.
561 745 711 797 Heyne
736 744 985 797 adApollod.
1008 745 1040 794 I,
1067 758 1104 795 7,
1128 758 1165 784 2.
1189 745 1472 785 etHerrman«

74 810 120 847 ni
142 810 317 862 Mythol.
341 812 390 850 T.
410 813 464 850 II.
489 827 528 865 p.
555 814 650 852 305.
672 835 725 842 -—
769 814 835 851 84.
864 813 1067 864 Rigaltius
1100 813 1143 851 in
1180 813 1291 851 Diss.
1315 813 1367 851 de
1390 815 1472 854 Sat.

74 876 217 916 Iuven.
240 884 379 929 notat,
426 878 489 918 his
525 881 661 919 verbis
703 880 911 918 subtiliter
953 881 1094 929 innui,
1149 880 1273 918 sutile
1306 895 1394 920 esse
1428 896 1476 922 ac

73 946 394 997 perabsurdum,
428 947 538 999 quod
558 955 704 1000 poetae
732 948 970 985 fabulentur
990 948 1040 985 de
1059 948 1274 985 sanctitate
1300 962 1476 999 morum,

76 1013 128 1050 ob
151 1027 268 1065 quam
289 1015 522 1054 Deucalion
550 1022 590 1053 et
620 1015 783 1067 Pyrrha
814 1016 966 1053 servati
987 1016 1070 1053 sint
1100 1021 1305 1066 tamquam
1330 1029 1477 1056 exem-

73 1080 143 1131 pla
173 1081 422 1133 reparandae
453 1084 704 1139 posteritati,
749 1096 883 1134 neque
915 1089 1062 1119 castam
1101 1081 1228 1119 fuisse
1261 1082 1477 1133 Pyrrham,

75 1148 147 1185 sed
170 1151 306 1200 potius
327 1163 483 1200 magam
517 1154 560 1187 et
589 1150 746 1198 lenam,
797 1163 899 1201 quae
933 1149 1129 1199 proiectis
1151 1156 1248 1200 post
1272 1156 1385 1200 terga
1406 1165 1479 1191 sua

74 1216 183 1253 saxis
217 1216 345 1254 nudas
386 1217 542 1268 puellas
591 1216 789 1264 ediderit,
863 1229 960 1268 quas
998 1217 1179 1253 maribus
1228 1218 1476 1258 conciliaret.

76 1284 135 1322 At
156 1285 280 1323 Hein.
302 1285 485 1333 ‚,Veror,
525 1284 681 1335 inquit,
720 1297 772 1321 nc
796 1283 874 1321 hoc
895 1283 1066 1332 Rigaltii
1097 1290 1376 1323 commentum
1400 1299 1478 1324 ve-
1504 1308 1505 1314 κ

77 1352 187 1390 nerit
211 1366 286 1403 per
306 1358 467 1403 portam
489 1353 730 1389 eburneam:
782 1364 876 1388 nam
909 1357 955 1387 ut
973 1351 1041 1387 vel
1072 1351 1250 1388 maxime
1272 1351 1479 1390 Iuvenalis

79 1420 252 1457 obscure
275 1425 394 1456 notet
414 1418 603 1457 homines
638 1419 703 1456 sui
738 1418 958 1470 temp0ri8‚
998 1424 1134 1455 tamen
1164 1419 1207 1455 in
1250 1419 1373 1457 caseis
1397 1421 1481 1458 illis

79 1485 159 1524 hoc
189 1485 488 1538 perabsurdum
534 1485 688 1522 esset.“
725 1507 775 1513 —
838 1484 901 1523 86.
938 1484 1097 1523 Vocem
1129 1485 1340 1524 discursus
1373 1487 1478 1525 Brit.

77 1566 164 1592 non
187 1553 236 1590 ad
267 1567 414 1605 corpus
440 1553 574 1591 refert
585 1582 595 1601 ,
636 1552 708 1590 sed
738 1552 790 1590 ad
825 1552 1031 1599 animum,
1066 1557 1113 1589 ut
1138 1552 1339 1603 significet
1379 1541 1481 1593 affe-

79 1627 168 1659 ctus
200 1628 242 1658 et
268 1620 602 1672 perturbationes
622 1621 732 1668 enm,
772 1621 919 1673 quibus
945 1621 1060 1672 quasi
1090 1621 1332 1671 quibusdam
1360 1623 1481 1661 furiis

78 1701 194 1726 mens
216 1687 394 1726 hominis
414 1702 523 1726 nune
545 1687 648 1738 huc,
701 1702 812 1726 nunc
847 1688 948 1726 illuc
975 1688 1131 1738 agitur3
1176 1688 1243 1725 vel
1265 1689 1316 1727 ad
1341 1691 1482 1741 quoti—

81 1755 246 1794 dianum
269 1755 470 1794 salutandi
494 1756 671 1794 officium
686 1786 696 1805 ,
735 1763 784 1793 ut
806 1770 866 1808 ap.
890 1755 1070 1793 MartiaJ.
1093 1754 1189 1803 VII,
1213 1757 1279 1802 38,
1309 1770 1342 1795 1.
1373 1759 1484 1795 Dis-

85 1837 228 1861 cursus
255 1825 396 1861 varios
431 1838 665 1875 vagumque
700 1838 821 1861 mane
845 1824 902 1860 Ec
928 1824 1077 1874 fastus
1100 1830 1138 1860 et
1159 1823 1249 1859 Ave
1270 1826 1483 1874 potentio·-

81 1905 173 1929 rum
204 1897 281 1930 cet.
307 1891 372 1929 Cf.
399 1891 451 1928 ad
471 1892 523 1940 V,
546 1903 595 1929 21
619 1905 701 1942 seq.
757 1891 902 1928 Potest
939 1891 1062 1927 etiam
1084 1891 1257 1941 proprie
1278 1891 1408 1943 accipi
1432 1891 1484 1929 de

83 1958 270 1998 discursu
293 1966 334 1997 et
365 1959 510 1997 studiis
541 1958 779 2006 hominum,
829 1958 899 2009 qni
933 1957 982 1995 ad
1018 1956 1179 1995 divitias
1210 1958 1278 1995 vel
1305 1957 1483 1996 honores

83 2033 125 2065 et
146 2027 315 2078 gloriam
340 2028 552 2074 nituntur,
588 2025 807 2077 multisque
838 2030 1058 2076 propterea
1097 2031 1137 2062 et
1156 2025 1282 2062 variis
1306 2039 1486 2077 occupa-

83 2095 264 2131 tionibus
298 2094 558 2131 distinemur.
682 2093 892 2145 farrago,
938 2098 1222 2143 argumentum
1257 2093 1419 2130 varium
1443 2098 1487 2130 et

84 2162 283 2210 mixtum3
321 2161 488 2213 proprie
515 2160 708 2212 pabulum
745 2159 1076 2211 quadrupedum,
1130 2173 1151 2196 e
1171 2159 1300 2196 tritici
1323 2172 1485 2208 genere,

85 2228 137 2268 de
161 2243 241 2282 quo
261 2243 298 2268 v.
313 2229 481 2267 casaub.
507 2227 558 2266 ad
577 2228 689 2266 Pers.
710 2228 763 2275 V,
783 2239 846 2276 77.
882 2226 947 2265 Cf.
967 2241 1052 2278 sup.
1068 2227 1162 2264 Vol.
1186 2227 1217 2264 I.
1232 2240 1270 2277 p.
1285 2225 1484 2264 XCVHI.

199 2299 264 2347 87.
305 2297 542 2348 Grangaeus
589 2301 797 2346 comparat
831 2295 958 2332 verba
999 2295 1179 2331 Senecae
1209 2294 1252 2331 in
1291 2293 1486 2331 Octavia:

87 2365 266 2403 collecta
290 2367 397 2403 vitia
410 2372 508 2415 post
535 2371 594 2401 tot
626 2370 783 2400 aetates
814 2362 889 2399 dizo
917 2362 970 2399 In
1002 2375 1074 2398 nos
1099 2361 1360 2405 redundant,
1391 2375 1487 2399 sae-

88 2434 179 2470 culo
204 2435 435 2484 premimur
462 2433 601 2483 gravi.
672 2430 769 2467 Non
805 2429 931 2468 falsus
965 2435 1078 2467 vates
1117 2428 1254 2466 suerat
1286 2427 1487 2465 Horatius

91 2500 170 2539 Od.
195 2500 270 2548 III,
294 2499 330 2547 5,
355 2512 401 2548 17
424 2513 505 2551 seq.
530 2504 572 2536 et
595 2499 646 2536 45
669 2511 750 2549 seq.
811 2496 875 2534 Cf.
910 2496 984 2534 inf.
1008 2510 1046 2534 v.
1078 2496 1150 2543 147
1181 2508 1262 2546 seq.
1321 2494 1490 2532 Henni-

90 2568 182 2607 nius
216 2568 426 2615 observat,
484 2563 720 2604 uberiorem
761 2578 924 2616 semper
965 2577 1051 2601 esse
1081 2562 1278 2600 vitiorum
1315 2562 1487 2613 copiam,

91 2635 251 2686 quando
275 2634 432 2672 saecula
452 2634 532 2671 siut
559 2633 719 2671 erudita
743 2646 835 2671 cum
867 2632 988 2682 longa
1014 2643 1112 2682 pace
1147 2635 1190 2667 ct
1225 2630 1347 2668 rebus
1387 2643 1491 2680 pro-—

91 2702 219 2754 speris
241 2702 471 2751 coniuncta,
497 2714 622 2754 quum
648 2699 817 2739 adversa
840 2707 882 2737 et
903 2698 1149 2737 calamitates
1181 2695 1367 2735 homines
1387 2694 1489 2740 rede,
