1686 3089
118 180 691 224 COMMENTARIVS
739 182 815 224 IN
856 180 1088 228 IVVEN‚
1131 183 1372 230 SAT‚V1,
1432 190 1513 229 245

230 299 254 336 5
280 319 335 326 -—-
370 311 431 337 10.
477 297 564 336 Illis
590 298 845 350 temporibus
868 297 1066 349 pudicitia
1088 305 1246 337 servata
1272 306 1333 338 est
1355 302 1505 353 labore,

117 378 264 417 aspero
301 366 409 404 vitae
453 367 592 415 cultu,
643 366 809 417 propria
860 365 1082 403 liberorum
1133 367 1407 407 nutricatione
1463 379 1505 410 et

116 434 263 484 agresti
286 447 492 486 parcoque
513 434 639 471 victu.
699 432 762 471 Cs.
789 432 862 481 VI,
892 432 973 470 286
995 446 1074 484 seq.
1098 438 1139 470 et
1159 433 1278 482 XIV,
1311 436 1383 474 161
1420 452 1502 491 seq.

115 521 172 531 --
205 502 240 538 5.
274 501 309 538 6.
357 500 420 538 Cf.
458 501 593 538 Valer.
633 500 693 538 Fl.
732 500 762 547 Ι,
807 500 893 549 137.
924 499 1047 539 Ovid.
1085 500 1133 538 A.
1167 500 1301 549 AAI,
1335 505 1428 550 475.
1466 513 1507 544 et

113 570 254 606 Amor.
286 568 358 613 III,
386 580 446 616 10,
479 580 537 608 10.
565 569 636 606 ubi
660 581 697 605 v.
720 567 860 604 Heius.
975 575 1199 612 montana,
1227 569 1272 606 in
1294 573 1502 611 montibus

112 650 337 687 eorumque
380 636 562 674 cavernis
598 633 793 672 habitans.
909 633 1093 672 Sternere
1141 649 1228 673 voc.
1270 650 1409 688 propr.
1453 641 1504 679 de

111 703 244 752 lecto,
271 703 380 740 unde
403 711 590 741 stratum.
707 703 867 745 culmo,
901 703 1024 753 palea,
1054 704 1256 742 stramine.
1374 709 1504 756 pelli..

114 771 188 808 bus.
212 772 433 822 fier-arum,
472 770 618 822 quibus
659 775 700 806 et
735 770 859 820 prisci
892 768 1100 818 homines,
1142 784 1224 809 non
1253 778 1387 811 tamen
1423 775 1504 813 seri

109 838 245 877 adhuc
274 845 311 877 et
333 852 408 890 per
443 837 575 887 sylvas
599 832 789 885 vagantes
805 865 815 884 ,
855 837 924 888 qui
946 837 1160 876 frondibus
1187 839 1379 891 foliisque
1402 844 1503 882 tecti

111 907 180 944 vel
203 905 306 944 nudi
330 910 456 952 erant,
487 903 558 941 sed
581 904 661 941 iam
687 903 872 940 mitiores
898 904 1018 949 sacti,
1051 907 1343 944 vestiebantur.
1396 909 1504 960 Non,

112 979 160 1011 ut
194 971 343 1018 hodie,
389 971 550 1010 culcitis
583 971 760 1022 plumeis
794 970 861 1008 vel
900 972 1090 1010 mollibus
1128 974 1318 1022 stragulis
1359 986 1504 1027 tto-um,

111 1041 266 1079 lectum
278 1069 289 1089 ,
330 1039 579 1077 sternebant.
695 1040 932 1075 vicinarum
1002 1054 1187 1083 erm-um,
1228 1055 1329 1092 quae
1363 1044 1504 1083 cadem

109 1109 155 1146 in
178 1107 302 1158 sylvis
327 1112 369 1144 et
387 1106 524 1144 vicina
548 1104 751 1143 habebant
772 1105 955 1142 latibula.
1016 1106 1169 1144 Ovium
1197 1114 1238 1146 et
1269 1123 1504 1161 caprarum:

109 1175 221 1214 sorte
256 1175 402 1212 melius
433 1174 597 1210 leonum
640 1178 682 1210 et
716 1171 925 1223 tigridum,
960 1179 1007 1210 ut
1037 1175 1276 1212 ostendatur
1317 1179 1505 1227 priorum

107 1242 321 1282 hominum
361 1242 510 1289 robur3
552 1240 652 1278 Ach.
714 1252 733 1290 7
760 1262 811 1267 —-
839 1253 875 1291 9.
921 1241 1077 1278 Mulier
1109 1242 1179 1279 illa
1204 1250 1393 1282 monum
1420 1261 1502 1286 non

114 1317 202 1349 erat
222 1310 357 1349 mollis
394 1316 435 1347 et
471 1308 666 1354 delicata,
705 1307 775 1344 sed
803 1307 906 1345 dura
931 1314 973 1345 et
999 1307 1181 1348 horrida.
1241 1310 1304 1348 Cs.
1334 1312 1503 1353 Lucret.

108 1379 161 1426 V,
184 1379 263 1432 923
289 1391 369 1429 seq.
427 1375 607 1426 Cynthia
627 1376 784 1427 puella,
810 1390 832 1413 a
855 1376 1074 1426 Propertio
1101 1384 1249 1423 amai-a,
1279 1379 1392 1416 cuius
1425 1395 1502 1419 ve-

106 1459 200 1484 rum
238 1458 389 1482 nomen
422 1443 571 1480 Hostia
606 1449 712 1489 erat,
752 1449 792 1479 et
818 1456 920 1494 quae
948 1442 1069 1480 modo
1095 1443 1203 1481 hunc
1228 1446 1349 1484 modo
1380 1448 1500 1489 illum

109 1513 279 1550 amabat.
312 1525 349 1549 v.
385 1509 523 1548 Barth.
559 1510 603 1547 in
624 1509 719 1546 edit.
763 1510 952 1561 Propert.
982 1523 1021 1560 p.
1061 1510 1296 1550 LXXVIII
1335 1529 1415 1568 seq.
1461 1524 1503 1557 et

107 1580 202 1619 368.
231 1601 281 1608 --
315 1580 349 1616 8.
378 1579 629 1628 Dee-signatur
664 1577 841 1625 Lesbia,
871 1578 998 1614 amica
1031 1576 1183 1615 Catulli.
1208 1589 1364 1630 poetae,
1397 1598 1502 1635 quae

106 1661 244 1700 propr.
276 1645 445 1683 Claudia
465 1645 708 1691 vocabatur,
739 1651 780 1681 et
801 1650 973 1681 mortem
1000 1649 1187 1694 passeris
1209 1647 1278 1684 diu
1303 1650 1502 1690 multum..

109 1728 190 1767 qne
236 1713 420 1751 deflebat.
489 1712 553 1751 Cf.
596 1711 743 1750 Catull.
777 1711 851 1759 III,
896 1712 956 1748 18.
993 1712 1040 1748 al.
1082 1714 1258 1751 Martial.
1304 1717 1395 1765 VII,
1440 1721 1501 1757 13.

109 1784 230 1821 cuius
255 1783 483 1819 exstinctus
494 1809 508 1826 ,
539 1787 749 1827 inermus,
773 1792 942 1829 passer,
983 1777 1022 1815 h.
1045 1793 1077 1816 e.
1103 1782 1178 1817 cui'
1191 1795 1299 1819 mors
1326 1787 1501 1833 passeris

108 1851 257 1888 ocellos
291 1849 500 1896 turbavit,
543 1847 821 1894 contristavit,
873 1844 981 1897 quod
1011 1846 1187 1884 verbum
1232 1864 1249 1885 a
1289 1851 1402 1888 coelo
1433 1854 1502 1891 vel

106 1917 234 1964 mari,
276 1917 410 1954 ventis
450 1916 637 1961 turbato,
683 1913 731 1950 ad
768 1913 948 1949 animum
974 1913 1216 1965 vultumque
1242 1919 1502 1960 transfertur.

110 1984 176 2022 Cf.
209 1985 354 2021 Heins.
385 1988 428 2020 et
459 1983 608 2032 Heyne
643 1980 693 2018 ad
726 1980 840 2030 Vix-g.
887 1981 990 2017 Aen.
1038 1981 1152 2029 VM,
1191 1985 1284 2022 223.
1355 1987 1502 2027 Graec·

109 2048 341 2102 συννεφοῧν
377 2046 540 2101 ὄμματα
570 2047 824 2099 comparavit
870 2046 1021 2098 Grang.
1135 2051 1306 2097 ocellos,
1339 2054 1501 2106 blande,

108 2125 150 2157 et
187 2118 236 2156 de
271 2117 426 2169 pulcris
463 2116 612 2164 oculis,
659 2121 708 2152 ut
751 2129 812 2166 ap.
861 2114 1008 2152 Catuu.
1047 2115 1073 2152 l.
1106 2129 1138 2153 c.
1181 2131 1293 2157 meae
1330 2125 1503 2171 puellae

109 2185 267 2224 Flendo
301 2183 512 2235 turgiduli
540 2183 687 2220 rubent
713 2184 857 2226 ocelli,
902 2189 944 2220 et
964 2182 1013 2219 al.
1036 2183 1195 2233 passim.
1231 2209 1280 2217 «-
1311 2201 1347 2239 9,
1382 2188 1503 2229 Cous,

110 2251 279 2290 omnino
300 2251 461 2303 egregia
485 2265 530 2288 ac
558 2251 722 2302 prolixa
752 2250 908 2287 dissert.
937 2250 1129 2288 Favorini
1168 2252 1402 2306 philosophi
1438 2271 1500 2308 ap.

111 2319 218 2358 Gen.
244 2318 341 2367 XII,
370 2333 403 2359 1.
430 2332 510 2371 qua
535 2317 679 2356 suadet
702 2318 833 2356 nobili
853 2317 1054 2365 feminae,
1095 2324 1142 2356 ut
1176 2320 1350 2370 liberos,
1395 2338 1497 2376 quos

107 2387 263 2439 pariat,
304 2400 389 2424 non
420 2387 654 2429 nutricum,
701 2385 772 2423 sed
802 2399 875 2423 suo
905 2385 1010 2422 lacte
1044 2386 1135 2423 alut.
1193 2387 1307 2426 Idem
1337 2391 1501 2440 praeci-

108 2454 230 2506 piunt
253 2454 434 2491 Mam-ob.
469 2455 520 2502 V,
553 2466 613 2492 11.
637 2453 748 2493 Plut.
786 2460 826 2491 et
847 2453 896 2490 al.
986 2456 1204 2504 potanda,
1236 2469 1317 2494 non
1339 2462 1499 2496 tantum

113 2520 302 2571 sugenda,
333 2520 513 2572 adeoque
537 2520 658 2571 plena
677 2519 806 2557 lactis.
905 2522 1142 2573 infantibus
1173 2511 1356 2574 magni-9,
1379 2524 1499 2561 adul·-

112 2587 190 2636 tis3
225 2601 308 2625 non
339 2590 447 2625 enim
480 2594 563 2625 tam
595 2589 700 2639 cito,
742 2597 790 2628 ut
810 2604 917 2628 nunc
935 2619 946 2639 ,
976 2590 1219 2627 arcebantur
1245 2604 1267 2626 a
1292 2592 1475 2628 mammis
1486 2605 1498 2639 ;

115 2654 266 2706 Grang.
335 2656 419 2694 Alii
444 2655 534 2693 coll.
558 2655 670 2704 XV,
702 2657 766 2709 69.
793 2670 859 2707 70,
887 2664 929 2695 et
959 2656 1127 2694 Lucret.
1150 2658 1200 2706 V,
1225 2658 1316 2709 925.
1339 2657 1502 2708 epithe-

115 2727 191 2760 ton
224 2736 271 2761 eo
302 2724 514 2771 referunt,
557 2723 665 2775 quod
700 2725 844 2777 primis
877 2725 1024 2763 seculis
1047 2723 1283 2777 grandiores
1308 2725 1396 2764 nati
1419 2725 1503 2765 sint

877 2792 970 2842 Q2
