1686 3089
174 190 256 235 545
575 182 1164 227 COMMENTARIVS

174 313 256 354 tur,
289 304 359 356 qui
379 315 472 341 eum
486 315 611 354 usque
633 301 732 339 adeo
756 300 930 350 descipit
943 328 953 348 ,
983 305 1041 347 ut,
1064 301 1097 337 si
1119 300 1188 338 vel
1212 293 1360 353 laqueo
1382 315 1560 353 suspen—-

179 374 249 411 (lat
279 387 344 420 se,
386 370 429 409 id
460 368 566 408 nihil
589 376 727 415 curet,
763 369 831 406 vel
853 375 946 405 eum
971 368 1084 405 abire
1107 368 1245 405 iubeat
1270 375 1310 406 et
1332 384 1373 406 se
1393 383 1568 420 suspen-

182 442 292 479 dere.
334 438 448 486 (Hic
481 437 619 475 dicere
653 436 757 473 solet
790 437 930 473 restim
962 448 1064 486 cape
1097 443 1135 472 et
1166 437 1365 485 suspende
1400 444 1467 481 te,
1523 442 1569 473 ut

180 509 312 547 Plaut.
346 507 456 544 Pers.
489 506 542 552 V,
575 517 611 552 2,
645 505 709 541 34.
743 508 786 540 et
805 515 876 539 nos
901 502 988 539 Gelz
1010 516 1102 539 zum
1130 503 1323 540 Henker!
1364 504 1472 542 unde
1502 518 1567 541 res

182 577 242 614 acl
271 577 411 613 restim
448 572 574 609 rediit
609 585 669 622 ap.
712 571 881 608 Terent.
905 568 1070 607 Phorm.
1103 570 1154 617 V,
1176 571 1212 617 4,
1237 566 1293 622 4.)
1321 571 1445 608 Aliud
1467 584 1567 608 vero

179 643 381 682 indicium
405 644 655 686 contemtus,
686 637 902 674 derisionis
928 643 968 673 et
992 638 1261 674 contumeliae
1292 643 1403 684 erat,
1441 638 1572 674 medi·

185 725 254 748 um
279 709 402 747 alicui
423 705 627 744 ostendere
663 719 842 756 unguem
871 705 959 752 vel,
999 710 1046 741 ut
1079 706 1254 742 Martial.
1279 704 1333 752 Il,
1356 706 1421 752 28,
1444 716 1481 741 2.
1506 704 1573 742 ‹li-

184 779 265 825 cit,
298 776 474 812 medinm
497 775 709 824 porrigere
732 772 939 823 digitum,
972 771 1041 823 qui
1067 772 1245 823 infamis
1277 771 1427 808 dicitur
1460 771 1571 808 Pers.

182 846 248 892 II,
292 844 356 880 33.
394 841 489 891 (ubi
524 853 562 876 v.
596 839 802 887 Casaub.)
849 840 1087 889 impudicus
1114 839 1291 876 Martial.
1324 838 1396 886 VI,
1434 851 1498 886 70,
1536 839 1574 875 5.

188 907 425 961 κατάτευγος
446 907 609 945 Arrian.
633 906 768 957 Epict.
794 905 872 949 III,
915 918 952 943 2.
975 906 1069 957 quia
1102 912 1290 943 extentus
1320 905 1392 942 ille
1423 905 1576 955 digitus

187 979 358 1029 reliquis
385 976 606 1013 contractis
634 973 869 1024 pudendam
886 976 1062 1025 speciem
1086 971 1256 1010 exhibet
1280 986 1409 1025 eoque
1439 974 1580 1011 cinae-

193 1047 237 1084 di
266 1045 334 1084 vel
363 1043 506 1081 molles
536 1041 863 1093 designabantur.
921 1041 1033 1079 Hinc
1062 1042 1261 1092 probrosa
1302 1041 1387 1078 eius
1430 1054 1580 1092 porre-

187 1115 269 1151 ctio
301 1112 422 1150 sacta.
454 1106 489 1129 ¹⁶

306 1181 370 1218 54.
429 1178 570 1228 L'rgO,
614 1189 717 1227 quae
749 1189 875 1227 quum
903 1175 961 1212 ita
990 1175 1092 1222 sint,
1131 1174 1199 1211 vel
1230 1174 1324 1226 quia
1351 1177 1472 1225 pauci
1503 1189 1580 1213 ve-

189 1263 237 1287 ra
267 1249 375 1285 bona
412 1251 454 1283 et
490 1243 594 1281 mala
616 1243 879 1293 dignoscunt,
909 1244 1016 1295 (sup.
1043 1255 1080 1280 v.
1102 1255 1126 1279 2
1152 1243 1257 1293 seq.)
1283 1250 1483 1293 petuntur
1508 1250 1582 1281 aut

195 1327 456 1366 supervacua
489 1317 559 1349 aut
606 1310 706 1348 adeo
736 1313 980 1363 perniciosa
1022 1311 1151 1358 bona,
1192 1323 1294 1362 quae
1322 1310 1438 1348 nobis
1473 1311 1582 1350 bone.

192 1383 408 1427 videntur,
452 1380 558 1429 inpr.
604 1392 700 1430 opes
734 1384 776 1416 et
804 1378 990 1426 divitiae,
1033 1376 1083 1415 de
1120 1377 1266 1429 quibus
1286 1376 1382 1416 inde
1408 1392 1431 1416 a
1453 1391 1491 1416 v.
1517 1390 1579 1417 12.

194 1451 339 1499 agitur.
367 1467 422 1473 --
491 1446 555 1483 55.
575 1447 656 1496 sa-s·
687 1455 768 1488 esc,
823 1459 861 1483 v.
893 1446 991 1483 Var.
1024 1445 1142 1482 Lect.
1217 1459 1360 1496 genua
1397 1447 1583 1484 incerare

195 1517 360 1554 deorum
375 1541 387 1558 ,
428 1512 468 1549 h.
496 1526 529 1549 e.
569 1518 665 1549 vota
699 1512 749 1549 ad
779 1512 875 1549 deos
908 1512 1123 1562 concipere
1156 1525 1379 1563 eorumque
1398 1526 1442 1550 se
1465 1526 1586 1550 reum

193 1584 358 1624 facere,
404 1585 461 1617 'ut
501 1579 878 1631 ἕπισφραγίζεσθαι
907 1578 1098 1615 Philostr.
1132 1578 1233 1614 Her.
1275 1578 1307 1625 Ι,
1355 1591 1415 1628 17.
1446 1588 1588 1617 votum

197 1653 245 1688 in
277 1657 439 1686 statuae
457 1648 618 1698 femore
639 1647 866 1697 adsignare
895 1644 963 1683 vel
983 1645 1163 1696 alligare
1187 1645 1306 1695 Apul.
1331 1644 1448 1696 Apol.
1479 1647 1511 1684 I.
1542 1654 1587 1685 et

197 1718 311 1756 sorte
355 1717 514 1752 incerat
548 1714 714 1764 lapide-s·
736 1715 928 1765 ficmosos
962 1712 1196 1749 idololatris
1228 1713 1379 1764 religio
1413 1719 1455 1751 et
1478 1729 1585 1753 saxa

195 1785 313 1823 illita
345 1785 449 1821 ceris
482 1781 660 1820 Viderat
694 1788 982 1831 unguentoque
1017 1780 1148 1817 Lares
1177 1778 1406 1818 humescere
1442 1783 1588 1833 nigros

198 1850 398 1890 Prudent.
426 1849 613 1886 Hamart.
634 1861 673 1886 v.
700 1848 863 1886 405.-et
887 1861 921 1884 e.
949 1847 1100 1897 Synim.
1122 1846 1152 1884 I.
1218 1846 1326 1885 Nam
1357 1855 1454 1886 vota
1485 1849 1588 1888 olim

204 1916 541 1967 concipiebantur
562 1916 604 1952 in
627 1929 742 1952 cerea
763 1914 899 1951 tabula
920 1919 962 1950 et
995 1913 1094 1951 haec
1126 1915 1368 1965 imaginibus
1403 1914 1587 1966 deorum,
1623 1928 1633 1935 ¹*

199 1985 309 2033 inpr.
343 1982 513 2032 genibus
551 1995 714 2028 earum,
757 1997 850 2019 cera
889 1981 993 2032 affigi
1026 1982 1192 2019 solebat.
1252 1981 1360 2019 Hinc
1387 1989 1428 2019 et
1450 1990 1586 2023 natam

201 2064 290 2088 esse
323 2048 519 2100 loquendi
546 2048 767 2086 formulam
805 2047 917 2088 θεῶν
939 2048 984 2089 ἓν
1008 2046 1183 2102 γούνασι
1203 2051 1337 2092 κεῖται
1363 2050 1413 2087 de
1439 2064 1485 2088 re
1510 2050 1588 2090 de·-

200 2123 385 2168 sperata,
416 2130 491 2167 pro
518 2129 596 2167 qua
620 2116 896 2167 suscipiantur
920 2123 1014 2154 vota
1035 2117 1247 2169 solumque
1271 2116 1440 2154 deorum
1463 2119 1586 2156 auxi-

199 2184 304 2223 lium
326 2188 613 2233 exspectetur,
644 2189 783 2220 monet
809 2182 857 2221 C.
881 2183 1081 2224 Valesius.
1142 2183 1207 2222 Cf.
1233 2183 1397 2222 Gonsal,
1426 2185 1477 2224 ad
1500 2186 1586 2225 Pe-

199 2257 304 2289 tron.
325 2264 364 2302 p.
391 2264 444 2288 m.
469 2251 534 2300 47.
561 2250 627 2287 48.
657 2247 694 2271 ¹⁷

250 2381 301 2416 16.
350 2381 405 2414 Cf.
451 2381 494 2414 ad
536 2381 563 2423 J,
606 2382 683 2415 161.
725 2380 868 2417 Petron.
925 2382 1083 2416 cordiam
1095 2384 1373 2428 Implorantium,
1397 2393 1430 2417 et
1441 2385 1587 2428 quidem

206 2441 283 2472 15].
307 2440 428 2471 Burm.
454 2438 599 2470 Anthol.
623 2440 683 2471 lat.
703 2439 745 2472 Τ.
766 2440 808 2471 ΙΙ.
832 2452 867 2483 p.
923 2443 1026 2473 toties
1048 2441 1266 2484 prehendere
1293 2452 1423 2484 genua,
1460 2451 1500 2474 ut
1522 2455 1587 2476 su«-

203 2494 280 2526 528.
301 2494 434 2527 Schott.
456 2494 560 2527 Obss.
584 2494 626 2537 V,
648 2496 682 2529 5.
707 2504 742 2529 et
765 2496 866 2530 Alex.
922 2497 1006 2529 dore
1039 2499 1272 2530 incrassentur
1311 2506 1345 2531 et
1378 2511 1454 2531 cera
1485 2500 1584 2541 quasi

208 2551 251 2582 ab
276 2551 376 2583 Alex.
399 2552 462 2591 lv,
487 2551 542 2585 24.
919 2554 1062 2587 inducta
1107 2554 1308 2596 videantur3
1363 2556 1580 2588 RAMtRES.

254 2618 306 2649 17.
337 2607 500 2640 incerare
533 2620 660 2654 genua
701 2610 863 2651 deorum,
922 2611 966 2642 ad
998 2612 1151 2645 Martial.
1177 2612 1205 2652 I,
1237 2612 1293 2657 95.
1351 2612 1582 2646 Cereiscan-

202 2664 381 2707 precando
442 2665 660 2707 prehendere
713 2667 864 2700 deorum
921 2669 1009 2700 delis
1037 2668 1338 2709 oblatis.illinere,
1372 2671 1426 2702 vel
1465 2681 1582 2701 cereos

197 2732 332 2763 genua,
378 2723 438 2764 qui
482 2721 619 2755 habitus
651 2732 701 2757 est
719 2726 861 2759 miseri-
919 2726 1045 2759 offerre
1083 2725 1148 2760 diis
1196 2734 1230 2759 et
1262 2738 1383 2759 eorum
1433 2725 1580 2767 genibus
