1686 3089
189 161 271 209 442
598 166 1184 209 COMMENTARIVS

183 293 358 334 rumque
388 283 556 322 definito
577 285 729 323 civium
764 295 935 320 numero
968 282 1029 329 (v.
1058 282 1227 322 Casaub.
1250 284 1302 323 ad
1327 286 1438 324 Suet.
1461 286 1568 339 Aug.

183 349 249 386 42.
274 356 314 386 et
339 350 451 389 Caes.
474 354 538 389 41.
569 352 651 389 Dio
675 349 834 395 XLIII,
852 361 915 387 21.
946 349 1041 396 LX,
1063 353 1148 399 10.)
1179 352 1377 392 dabantur
1403 355 1450 392 ab
1478 356 1565 393 Im-

180 420 453 468 peratoribus,
484 425 531 457 ut
554 421 731 456 animum
758 418 901 468 plebis,
932 431 1034 468 quae
1060 418 1156 456 duas
1181 426 1335 459 tantum
1359 436 1422 460 res
1444 423 1567 462 anxia

181 491 355 536 optaret,
385 501 529 538 panem
550 493 592 524 et
614 487 836 531 Circenses,
867 484 957 521 ¹ins.
981 485 1133 531 X‚80.>
1162 501 1184 524 a
1202 502 1400 528 novarum
1422 504 1566 530 rerum

180 553 316 591 studio
352 563 567 593 avocarent
602 554 761 603 sibique
799 552 1081 601 devdncirent,
1131 561 1172 592 et
1205 555 1370 606 quidem
1400 571 1483 594 non
1519 559 1565 596 in

175 620 286 658 ludis
310 627 472 660 tantum
495 622 814 671 111uneribusque
836 635 857 656 a
884 633 926 656 se
949 619 1073 668 datis,
1102 621 1173 658 sed
1204 625 1418 672 quotannis
1442 625 1566 664 etiam

180 694 349 739 etsaepe
371 704 415 726 ac
429 690 699 740 potissimum,
722 702 774 724 ex
789 686 1095 734 consuetudine,
1119 703 1140 726 a
1155 688 1439 728 Gracchorum
1458 697 1566 730 tem-

176 757 345 809 poribus
369 764 549 802 servata,
578 755 711 793 Nonis
735 756 931 806 cuiusque
958 756 1120 792 mensis.
1140 770 1177 792 v.
1208 757 1320 794 Suet.
1357 757 1460 808 Aug.
1498 760 1564 797 4ο.

179 826 244 862 41.
286 825 384 861 Ner.
418 837 476 862 11.
515 824 563 861 al.
634 823 846 872 Quantum
872 824 1070 860 frumenti
1090 824 1219 860 cuivis
1244 831 1347 862 esset
1374 825 1565 874 dandum,

178 892 433 929 scribebatur
476 893 519 929 in
551 898 725 933 tessera,
762 891 813 932 ¹iu
851 889 998 926 tabulis
1027 897 1162 928 autem
1196 892 1344 929 ceratis
1377 893 1567 932 aeneisve

174 973 323 997 nomen
345 959 562 996 cuiuslibet
586 959 709 1002 civis,
741 958 807 995 cui
831 963 984 994 tessera
1011 963 1099 994 erat
1134 957 1248 1004 data;
1289 960 1440 1010 quique
1475 975 1565 1000 eam

176 1034 399 1077 acceperat,
449 1026 499 1063 ad
529 1026 678 1064 horrca
707 1025 871 1076 publica
907 1025 969 1062 ire
996 1031 1157 1074 poterat
1175 1025 1353 1076 petitum
1377 1026 1567 1066 frumen-

175 1102 286 1142 tum,
324 1101 416 1142 aut,
451 1095 485 1132 si
524 1093 646 1130 huius
681 1107 765 1130 non
798 1099 959 1142 egeret,
1000 1091 1068 1127 vel
1102 1091 1180 1127 alia
1211 1091 1260 1128 de
1287 1106 1427 1140 causa,
1453 1095 1564 1136 illam

173 1163 363 1202 vendere.
392 1176 429 1199 V.
455 1162 568 1211 Lips.
605 1161 734 1198 Elect.
769 1160 801 1206 I,
837 1161 873 1197 8.
906 1158 1074 1195 Casaub.
1101 1164 1140 1195 ct
1171 1158 1332 1209 Koenig
1371 1161 1420 1198 ad
1452 1161 1565 1201 Pers.

173 1233 225 1278 V,
248 1233 310 1277 73.
338 1231 400 1275 71'4.
423 1230 493 1280 qui
515 1229 637 1265 etiarn
677 1233 864 1264 nostrum
896 1227 1032 1266 locum
1069 1231 1182 1262 reete
1213 1227 1270 1262 ita
1304 1227 1566 1278 interpretati

172 1304 291 1345 sunt,
320 1298 354 1334 si
382 1303 556 1333 tesserae
578 1295 671 1332 illae
704 1295 828 1343 gratis
856 1294 972 1332 datae
996 1298 1093 1330 sunt
1118 1294 1271 1343 populo
1293 1294 1341 1331 ab
1378 1295 1565 1346 Impera-

171 1366 350 1404 toribus:
390 1370 431 1400 et
464 1377 558 1400 sane
587 1362 630 1399 P.
670 1361 838 1399 Clodius
872 1362 1126 1410 rogationem
1157 1361 1335 1408 tulerat,
1374 1369 1421 1401 ut
1439 1365 1565 1412 gratis

172 1434 339 1472 daretur
371 1431 649 1477 frumentum,
700 1428 811 1480 quod
845 1442 867 1465 e
900 1428 988 1477 lege
1026 1428 1273 1478 Sempronia
1305 1427 1349 1465 C.
1384 1429 1564 1469 Gracchi

172 1507 290 1537 antea
319 1498 486 1535 semisse
520 1510 564 1533 ac
598 1496 749 1532 triente
779 1494 963 1532 dabatur.
1024 1494 1106 1531 Sed
1136 1495 1433 1545 Imperatorum
1455 1502 1565 1535 tem-

172 1567 342 1618 poribus
363 1577 447 1602 non
469 1563 589 1613 plane
611 1562 833 1611 gratuitum
864 1561 995 1599 fuisse
1035 1561 1312 1608 frumentum,
1349 1562 1563 1611 probabile

171 1634 219 1673 fit
239 1647 293 1671 ex
318 1633 412 1669 Tac.
437 1630 543 1667 Anu.
567 1630 663 1676 XV,
690 1629 755 1680 39.
793 1628 866 1665 ubi
900 1641 938 1664 v.
970 1628 1084 1678 Lips.
1144 1629 1252 1665 Tum
1283 1629 1416 1679 potius
1452 1629 1562 1667 desi-

170 1707 318 1752 gnatur
338 1698 378 1736 h.
398 1698 423 1735 l.
445 1697 650 1734 summula
664 1725 674 1743 ,
706 1696 837 1741 (terni
863 1695 996 1742 numi,
1017 1708 1190 1746 parvum
1218 1695 1345 1732 modii
1366 1697 1560 1746 pretium,

169 1783 232 1820 ap.
269 1767 364 1804 Tac.
396 1765 424 1802 l.
460 1762 523 1813 l.)
563 1778 648 1814 qua
685 1772 837 1800 tessera
872 1764 1011 1806 venit,
1047 1764 1204 1801 venalis
1240 1768 1324 1810 est,
1365 1764 1563 1803 venditur

167 1835 282 1886 inopi
314 1832 437 1884 plebi.
507 1831 646 1869 Verba
678 1831 778 1867 vilis
801 1831 1014 1880 fi‘umenti
1047 1830 1278 1878 iunxerim,
1322 1830 1432 1881 quod
1467 1845 1562 1870 sea-

170 1901 422 1952 biosumsar
442 1905 614 1937 vocatur
639 1897 751 1935 Pers.
777 1897 803 1934 l.
823 1897 850 1933 1.
878 1897 946 1934 ubi
970 1896 1132 1948 Koenig
1155 1897 1326 1934 iudicari
1349 1897 1449 1936 dicit
1467 1913 1561 1936 mu-

168 1968 330 2009 nusculi
343 1968 541 2005 vilitatem
555 1973 594 2003 et
607 1966 874 2012 frumentum,
905 1969 952 2002 ut
974 1965 1017 2001 in
1041 1965 1234 2014 granariis
1259 1965 1432 2014 publicis
1442 1980 1562 2018 saepe

167 2035 338 2083 accidit,
382 2049 404 2072 a
447 2033 756 2085 gurgulionibus
809 2046 978 2070 exesum
1022 2045 1094 2069 seu
1133 2032 1300 2068 omnino
1342 2031 1423 2069 situ
1463 2045 1562 2071 cor-

166 2109 350 2156 ruptum.

284 2171 373 2219 175.
431 2170 553 2206 Haec
582 2180 730 2204 meree-s·
759 2172 1070 2217 praeceptorum
1106 2168 1373 2218 virorumque
1412 2167 1559 2206 docto-

167 2253 262 2279 rum
282 2238 535 2280 lautissima,
568 2235 814 2285 amplissima
837 2240 909 2280 cst,
940 2248 1064 2285 quum
1087 2232 1262 2270 habeant
1275 2233 1558 2287 accipiantque

168 2313 326 2345 tantum
353 2303 573 2355 pecuniae,
611 2315 690 2352 quo
718 2300 970 2337 frumentum
995 2314 1130 2337 emere
1153 2302 1322 2351 possint.
1350 2323 1404 2330 -—
1467 2303 1555 2351 176.

173 2386 262 2425 177.
287 2373 429 2422 Longe
443 2369 613 2420 amplius
634 2374 695 2405 est
715 2366 1047 2404 citharoedorum
1059 2368 1287 2418 praemium
1303 2369 1561 2421 lucrumque,

163 2455 288 2493 quam
326 2439 544 2478 rhetorum
578 2442 620 2474 et
641 2435 963 2482 causidicoru1n3
994 2433 1091 2471 hinc
1112 2441 1255 2472 auctor
1279 2436 1356 2474 tibi
1380 2450 1480 2483 sum,
1510 2443 1558 2474 ut

167 2507 397 2547 citharoedi
429 2510 560 2542 artem
596 2503 725 2541 discas
767 2508 808 2539 et
845 2502 1091 2554 profitearis.
1182 2503 1338 2547 Teuta,
1369 2505 1554 2554 explora,

167 2576 368 2627 exquire,
399 2583 571 2625 quaere,
603 2572 753 2622 qnarzti
789 2570 956 2614 doceat,
1012 2575 1160 2621 quauta
1194 2570 1383 2608 mercede
1417 2572 1556 2608 lauto-

166 2657 283 2686 rum,
313 2641 513 2679 nobilium
539 2639 839 2687 ditiorumque,
864 2647 1015 2688 pueros
1039 2637 1224 2674 insumat
1256 2638 1407 2680 Pollio,
1440 2639 1556 2674 svin·-

166 2709 292 2753 dens,
321 2706 614 2762 proscindens,
642 2704 856 2754 deridens,
899 2714 1029 2743 artcm
1056 2704 1258 2742 'lyzeodori
1289 2704 1553 2752 rhetoricam,
