1686 3089
817 591 909 632 IN

339 656 1137 761 SATIRAM
1292 705 1406 760 111.

334 1105 369 1135 Ι.
405 1056 641 1151 Quamvis
663 1096 885 1147 confusas,
915 1095 1189 1146 perturbatus,
1219 1105 1458 1148 commo’mS,
1487 1105 1569 1142 tri-

180 1162 252 1201 stis
281 1176 382 1202 sum.
413 1163 477 1201 Cf.
513 1163 775 1201 Wernsdors
802 1163 916 1200 Poet.
950 1163 1043 1200 Lat.
1070 1162 1178 1201 Min.
1213 1164 1262 1202 T.
1295 1165 1367 1203 IV.
1402 1181 1441 1219 p.
1474 1170 1567 1222 696.

185 1233 337 1276 amiec’,
377 1230 606 1278 Umbricii,
645 1229 696 1268 de
727 1244 807 1282 quo
843 1244 882 1268 v.
925 1229 975 1267 ad
1008 1244 1046 1268 v.
1071 1242 1137 1268 21.
1251 1239 1424 1282 veteris,
1464 1241 1575 1290 quod

181 1299 379 1338 iacturam
400 1298 666 1349 doloremque
703 1305 834 1349 auget.
974 1299 1150 1342 Cumae,
1190 1299 1288 1336 urbs
1318 1301 1575 1356 Campaniae,

182 1366 293 1404 unde
328 1366 488 1416 Sibylla
517 1366 722 1418 Cumaea,
753 1367 883 1403 .cuius
917 1366 977 1403 ibi
1012 1371 1172 1404 antrum
1203 1367 1287 1405 suit
1318 1383 1346 1406 s.
1369 1376 1574 1423 μαντεῖον,

184 1433 249 1472 Cf.
272 1434 387 1484 Virg.
401 1433 503 1471 Aen.
515 1433 588 1480 VI,
612 1445 631 1472 1
657 1447 738 1484 seq.
762 1439 802 1470 et
826 1434 884 1470 ibi
905 1433 1067 1484 Heyne.
1151 1437 1310 1481 vacuis,
1332 1440 1576 1493 infrequen-

185 1502 293 1540 tibus
322 1507 364 1538 et
385 1500 532 1552 quietis
563 1501 631 1537 vel
665 1500 828 1547 otiosis,
879 1507 1070 1552 respectu
1101 1501 1282 1552 Romae,
1331 1507 1445 1546 urbis
1468 1511 1580 1549 cele—-

185 1570 389 1608 berrimae
412 1581 456 1605 ac
478 1567 752 1605 turbulentae.
809 1567 873 1606 Cf.
912 1568 967 1616 X,
1001 1581 1092 1609 102.
1151 1570 1266 1622 Virg.
1303 1573 1378 1611 Ge.
1413 1574 1465 1624 H,
1486 1579 1580 1616 225.

187 1637 334 1675 Horat.
358 1635 488 1687 Epist.
511 1635 543 1684 I,
569 1647 604 1685 7,
625 1636 690 1674 45.
721 1641 763 1674 et
788 1636 820 1684 Ι,
841 1647 878 1684 2,
903 1638 953 1675 81
989 1650 1071 1688 seq.
1093 1658 1150 1665 ——
1175 1653 1305 1676 unum
1341 1643 1471 1680 civem
1503 1646 1579 1682 clo-

191 1720 319 1750 nare,
363 1703 535 1751 addere,
577 1704 782 1754 Sibyllae,
816 1704 967 1741 Cumis.
999 1703 1063 1741 Cf.
1088 1705 1220 1742 Plant.
1243 1706 1356 1744 Pers.
1378 1709 1451 1758 IV,
1479 1712 1516 1760 3,
1541 1713 1577 1751 6.

298 1773 337 1811 4.
361 1770 575 1809 Laudatur
594 1773 808 1810 consilium
831 1772 970 1819 amici,
1008 1771 1118 1823 quod
1147 1774 1478 1816 amoenissimum
1506 1793 1584 1831 pe·-

190 1841 262 1879 tiit
285 1840 436 1878 locum.
498 1836 650 1878 Cumae
674 1846 774 1877 sunt
797 1839 910 1890 quasi
934 1841 1067 1877 ianua
1101 1841 1334 1890 Baiarum,
1374 1858 1476 1895 quae
1497 1847 1582 1886 Ba-

187 1909 247 1947 ias
273 1914 414 1946 euntes
433 1908 616 1959 excipiat
639 1914 762 1959 atque
788 1906 979 1954 emittat3
1009 1904 1049 1943 h.
1081 1920 1113 1944 e.
1142 1907 1258 1944 Baias
1279 1910 1584 1960 proficiscenti..

190 1978 267 2015 bus
290 1976 421 2013 Roma
452 1988 528 2025 per
559 1974 706 2012 Cumas
736 1975 816 2012 iter
850 1980 922 2010 est.
982 1972 1047 2011 Cf.
1080 1974 1130 2012 ad
1171 1976 1288 2024 VIII,
1329 1978 1417 2017 160.
1450 1982 1587 2020 Βαίας

193 2049 331 2082 autem
354 2040 528 2079 Romam·
551 2042 706 2079 aestivo
741 2048 924 2093 tempore
937 2071 947 2090 ,
984 2047 1068 2079 tam
1089 2043 1334 2094 voluptatis,
1374 2060 1494 2098 quam
1513 2063 1588 2087 va—

190 2109 410 2158 letudinis,
451 2110 564 2161 aquis
586 2109 725 2147 calidis
746 2108 987 2154 firmandae,
1027 2123 1146 2147 causa
1166 2111 1372 2161 petebant.
1482 2132 1588 2168 gra-

194 2187 283 2216 mm
311 2178 411 2215 litas
438 2178 601 2214 amoeni
625 2191 826 2221 secessus,
876 2190 970 2213 nam
1005 2182 1047 2213 et
1082 2176 1235 2216 Cumae
1269 2185 1310 2216 et
1340 2180 1462 2219 Baiae
1491 2184 1592 2222 sitae

193 2246 239 2284 in
264 2259 336 2282 ora
367 2244 571 2295 mari—tima
596 2250 636 2282 et
673 2244 960 2282 amoenissima
989 2245 1155 2295 regione
1198 2245 1465 2298 Campaniae,
1519 2251 1594 2290 ubi

197 2312 367 2350 ditiores
392 2312 567 2350 Romani
590 2313 738 2364 passim
759 2326 843 2349 non
873 2312 917 2349 in
950 2313 1180 2351 continenti
1211 2319 1396 2364 tantum,
1447 2319 1518 2357 sed
1550 2322 1596 2359 in

199 2381 288 2431 ipso
325 2393 487 2431 quoque
527 2380 658 2424 mari,
707 2386 946 2431 prospectus
985 2394 1029 2418 ac
1072 2380 1238 2431 frigoris
1269 2384 1423 2431 gratia,
1475 2386 1594 2424 villas

199 2452 506 2485 exstruxerant.
621 2448 658 2485 5.
681 2447 840 2496 Quodsi
860 2462 959 2486 vero
986 2448 1137 2486 amicus
1157 2460 1271 2486 meus
1295 2451 1363 2488 vel
1384 2451 1435 2489 ad
1454 2452 1595 2494 locum

198 2516 333 2554 minus
358 2527 572 2552 amoenum
598 2515 831 2566 migrasset,
873 2514 958 2553 'non
987 2516 1220 2554 damnarem
1244 2517 1330 2554 eius
1357 2520 1592 2560 consilium:

199 2596 273 2637 egQ
297 2587 410 2620 certe
436 2582 479 2619 in
504 2581 661 2620 deserta
679 2583 813 2621 insula
827 2581 996 2621 'mallem
1010 2612 1021 2631 ‚
1062 2598 1183 2635 quam
1217 2584 1374 2625 Romae
1412 2600 1599 2627 commo-

203 2651 300 2688 rari.
357 2651 439 2688 Pro
461 2649 593 2688 Roma
615 2651 816 2703 exquisite
841 2651 1010 2708 ponitur
1046 2652 1232 2696 Subura,
1280 2653 1396 2692 vicus
1421 2656 1599 2706 regionis

159 2767 161 2769 q
211 2717 436 2768 secundae,
475 2717 527 2758 ad
547 2717 704 2772 radices
729 2717 860 2759 coelii
880 2719 1055 2773 montis,
1105 2721 1460 2775 frequentissimus
1479 2728 1604 2776 atquo
