1686 3089
455 217 532 258 IN
567 213 798 257 IVVEN.
849 212 988 254 SAT.
1031 214 1146 256 x111.
1425 218 1511 271 637

121 333 202 372 sibi
227 333 391 372 conscio
404 361 417 379 ,
448 332 492 371 in
517 346 597 386 quo
622 330 834 370 reviviscit
855 343 994 368 sensus
1014 331 1246 381 religionis,
1272 347 1390 384 quem
1415 334 1512 372 sru—

123 407 208 440 stra
229 401 463 453 opprimere
485 407 668 440 conatur.
728 397 793 436 Cf.
818 412 856 436 v.
880 410 972 450 219.
1004 398 1096 435 Son.
1121 399 1215 437 Nat.
1247 401 1325 450 Qu.
1360 402 1413 450 H,
1442 403 1508 454 59.

121 475 164 507 et
195 469 307 508 Suet.
340 466 466 520 Calig.
505 482 538 506 c.
575 469 640 507 51.
710 466 863 505 Contra
897 466 1042 504 Horat.
1082 465 1160 505 Od.
1196 467 1270 511 HJ,
1299 471 1335 517 Ξ,
1370 484 1384 508 1
1427 484 1510 523 seq.

121 537 282 575 lustum
312 545 568 587 ac‘tenacem
581 535 796 586 propositi
816 536 951 571 virum
979 540 1054 572 cet.
1171 536 1263 573 225.
1289 538 1509 587 s'ortztz'lzcs,

121 618 243 653 casu,
272 619 326 643 ex
349 604 657 656 Epicureorum
687 602 899 640 sententia.
958 600 1022 639 Cf.
1046 603 1150 640 Plin.
1174 603 1227 650 ΙΙ,
1256 605 1319 642 45.
1343 611 1384 643 et
1414 607 1510 645 Sen-

121 671 216 710 Nat.
241 673 322 723 Qu,
346 672 420 721 VI,
448 672 488 710 ὅ.
601 679 813 708 ventorum
836 670 975 720 rabie,
1004 683 1058 708 ex
1083 671 1274 709 conflictu
1292 679 1515 714 ventorum

121 741 389 792 nubiumque.
458 738 524 777 Cs.
557 739 650 776 Sen.
686 737 781 774 Nat.
819 738 899 786 Qu.
920 737 952 786 I,
980 751 996 775 1
1019 751 1099 790 seq.
1125 760 1178 771 —
1235 740 1327 779 226.
1355 742 1509 788 Iratus,

123 808 174 845 ab
209 808 316 846 irato
352 808 501 846 missus
531 806 656 854 Iove,
696 805 853 842 scelera
886 804 1133 845 vindicante.
1199 807 1267 844 Sic
1308 811 1516 850 iracunda

115 875 311 927 fulmina
350 875 458 913 dixit
492 874 596 912 Hor.
635 871 713 910 Od.
749 872 781 920 I,
819 873 856 919 3,
892 873 958 911 40.
995 880 1035 911 et
1053 869 1226 920 ζάκοτον
1254 875 1370 932 ἔγχος
1395 880 1515 920 Pind.

121 941 242 980 Nem.
270 942 307 991 5,
330 955 394 994 90.
451 942 631 986 iudicet,
667 954 706 979 v.
730 940 966 978 Va1=.Lect.
1052 954 1146 992 227.
1173 943 1217 981 Si
1247 947 1350 996 illa,
1381 949 1516 999 prima

122 1016 353 1061 tempestas,
384 1010 498 1048 nihil
523 1012 665 1046 nocuit
690 1014 766 1047 cet.
794 1030 849 1039 --
910 1010 1003 1049 228.
1033 1008 1110 1048 hoe
1135 1025 1290 1063 sereno,
1325 1013 1404 1053 hoc
1433 1016 1514 1059 die,

123 1091 206 1130 quo
228 1092 327 1116 mox
349 1077 546 1116 serenitas
563 1076 701 1114 rediit.

240 1157 334 1197 229.
402 1146 547 1183 lateris
576 1144 780 1188 dolorem,
820 1143 1066 1194 pleuritida,
1102 1144 1143 1184 h.
1184 1147 1211 1185 1.
1250 1162 1328 1200 pro
1367 1155 1516 1203 quovis

125 1214 273 1253 morbo
295 1220 414 1251 acuto
439 1217 481 1250 et
501 1212 631 1263 vigila·
645 1238 659 1254 ‚
690 1210 729 1249 h.
753 1225 786 1249 e.
810 1211 882 1264 qui
902 1225 977 1249 nos
1001 1214 1144 1264 vigiles
1171 1214 1295 1265 facit,
1336 1221 1403 1257 vel
1431 1235 1518 1260 non

126 1281 310 1319 dormire
331 1282 500 1333 patitur.
584 1280 679 1319 230.
708 1280 878 1318 Morbos
898 1281 1082 1332 corporis
1104 1290 1360 1337 mortemque
1395 1302 1519 1339 prae-

129 1356 328 1387 maturam
361 1361 512 1400 poenas
546 1360 634 1385 esse
671 1347 869 1399 gravioris
903 1348 1089 1398 sceleris,
1128 1351 1233 1402 inpr.
1266 1356 1464 1405 periurii,
1497 1372 1521 1396 a

128 1416 209 1455 diis
233 1416 467 1456 vindicibus
493 1415 691 1465 inflictas,
719 1415 900 1468 vulgaris
926 1415 1024 1454 olim
1048 1418 1186 1469 opinio
1212 1428 1309 1458 erat.
1340 1436 1378 1460 v.
1411 1424 1520 1462 Mit-

127 1483 276 1523 scherl.
313 1484 363 1522 ad
393 1484 498 1522 Hor.
529 1482 608 1521 Od.
628 1482 684 1532 II,
720 1483 757 1532 8,
784 1496 801 1521 1
834 1496 918 1534 seq.
948 1503 1005 1512 —
1071 1487 1166 1524 251.
1196 1487 1315 1526 Metu
1340 1492 1522 1541 perculsi

126 1552 368 1603 grandinem
388 1557 430 1589 et
451 1550 627 1589 fulmina
639 1558 801 1601 putant
818 1551 1004 1588 Deorum
1024 1551 1224 1592 iratorum
1245 1568 1350 1594 saxa
1375 1566 1414 1596 et
1435 1561 1522 1599 tela

127 1631 228 1659 esse.
292 1618 376 1656 Sed
407 1619 447 1656 h.
482 1618 510 1657 1.
547 1618 598 1656 dc
633 1617 789 1656 morbis
820 1618 957 1669 potius
980 1633 1114 1657 sermo
1140 1626 1225 1669 est,
1292 1630 1332 1660 et
1364 1625 1520 1667 iterum

127 1687 241 1725 sorte
283 1686 586 1738 Epicureorum
625 1685 815 1736 dogmata
845 1686 1135 1737 respiciuntur.
1205 1689 1296 1727 Sen.
1337 1691 1388 1729 de
1426 1694 1520 1732 ben.

131 1753 209 1798 IV,
251 1767 312 1804 ¹9·
358 1754 444 1797 Ta,
479 1753 641 1804 inquit,
689 1753 897 1802 Epicure,
959 1754 1098 1790 Deum
1142 1758 1336 1794 inermem
1371 1761 1523 1813 facis.-

132 1823 277 1858 omnia
300 1820 368 1857 ilbi
386 1821 469 1858 tela
484 1847 495 1865 ‚
528 1833 687 1857 omnem
706 1820 927 1857 detraxisti
944 1823 1207 1870 potentiam,
1239 1832 1277 1860 et
1290 1851 1303 1868 ,
1344 1839 1393 1862 ne
1428 1829 1523 1865 cui.

134 1902 263 1940 quam
304 1887 544 1926 metuendus
587 1894 711 1931 esset,
758 1889 976 1937 proiecisti
1016 1889 1137 1927 illum
1190 1900 1306 1929 extra
1357 1903 1523 1934 motum.

133 1955 276 1994 Morbi
301 1968 465 2007 quoque
490 1955 694 1994 acutiores
720 1954 873 2005 sagittis
894 1954 1098 2007 Apollinis
1118 1963 1158 1995 et
1173 1957 1330 1997 Dianae
1351 1960 1525 2001 immitti

133 2023 421 2062 credebantur.

202 2096 205 2108 ³
252 2091 332 2130 232
373 2104 454 2143 seq.
523 2090 661 2129 Ovem
700 2103 785 2129 non
821 2089 972 2129 audent
1008 2105 1085 2144 pro
1113 2093 1241 2132 salute
1269 2109 1342 2133 sua
1369 2110 1525 2137 vovere

139 2159 262 2203 Diis,
292 2159 439 2210 quibus
470 2171 515 2196 se
543 2158 698 2196 invisos
718 2173 806 2196 esse
834 2161 979 2198 sciunt.
1094 2162 1188 2199 233.
1218 2166 1387 2201 cristam
1411 2167 1524 2217 galla

135 2229 376 2278 promittere
405 2226 591 2263 Laribus
614 2239 691 2277 pro
709 2226 932 2265 avertendo
958 2228 1114 2265 morbo.
1178 2229 1246 2266 Sic
1279 2231 1526 2284 Aesculapio

142 2294 270 2344 gallus
302 2294 590 2331 immolabatur
613 2293 663 2332 ab
685 2294 734 2332 iis
748 2324 760 2343 ‚
797 2295 868 2347 qui
893 2296 1206 2344 convaluerant,
1230 2297 1339 2336 unde
1362 2313 1405 2337 se
1429 2298 1528 2338 huic

144 2361 222 2398 deo
261 2361 410 2413 gallum
460 2361 610 2399 debere
662 2361 764 2400 dicit
809 2362 996 2400 Socrates
1041 2377 1102 2415 ap.
1141 2358 1244 2402 Plat.
1293 2366 1338 2403 in
1375 2366 1525 2406 Phaed.

146 2427 405 2468 Wernsdorf
423 2429 468 2466 in
491 2434 597 2481 'poet
624 2429 690 2467 lat.
717 2431 813 2468 min.
836 2431 884 2468 T.
911 2431 943 2468 I.
965 2445 1004 2483 p.
1034 2433 1126 2483 249.
1154 2432 1247 2481 „Ab
1281 2434 1419 2485 gallis,
1458 2435 1526 2473 in-

148 2494 251 2546 quit,
296 2495 424 2534 multa
453 2496 635 2535 remedia
674 2498 913 2536 morborum
951 2498 1074 2550 petiit
1115 2506 1231 2538 vetus
1276 2502 1527 2553 superstitio.

149 2561 260 2599 Exta
287 2575 430 2616 eorum
456 2569 497 2602 et
516 2564 656 2614 fibras,
686 2571 734 2604 ut
754 2565 907 2617 opimas
926 2566 1136 2616 victimas,
1168 2568 1261 2606 Diis
1288 2570 1527 2620 acceptissi-

150 2642 236 2667 mas
258 2643 345 2668 esse
364 2630 492 2669 tradit
511 2632 615 2670 Plin.
645 2633 701 2682 X,
732 2645 797 2673 2-1.
821 2639 861 2671 et
886 2634 1049 2672 cristam
1079 2635 1173 2686 galli
1196 2637 1413 2675 contritam
1438 2637 1527 2675 effi—

151 2697 302 2736 caciter
332 2698 491 2752 imponi
522 2700 634 2753 cani,
674 2715 809 2744 morso
837 2702 887 2742 ab
918 2702 997 2742 alio
1024 2703 1216 2750 rabioso,
1266 2704 1320 2744 id.
1356 2704 1526 2755 XXIX,
