1686 3089
156 93 213 138 40
563 90 1135 145 COMMENTARWS

160 208 213 257 V,
249 207 285 247 8.
316 214 358 246 et
388 206 433 247 in
466 209 595 261 praes.
627 223 749 247 carm.
789 208 839 246 ad
872 209 1070 247 Faustum
1102 219 1180 260 pro
1215 207 1466 252 Glovidenus
1504 215 1548 250 et

161 276 418 325 Glzchz'clenus
440 276 516 326 leg.
532 277 777 322 Cluuienus,
808 290 909 328 quae
931 277 1189 314 coniecturae
1212 276 1339 315 Gron.
1358 278 1403 315 in
1427 278 1547 318 Obss.

161 343 217 392 ΙΙ,
240 355 305 381 22.
333 345 511 382 maxime
533 344 760 395 probantur
785 344 1026 382 Heineckio.
1085 343 1281 391 „Satirice
1301 343 1341 381 h.
1372 346 1399 384 1.
1421 342 1546 384 Iuve-

162 411 265 449 nalis
288 412 480 451 meritum
503 424 621 448 suum
645 417 859 459 extenuat,
900 416 947 448 ut
966 410 1156 448 licentius
1181 408 1426 450 Cluvienum
1459 425 1550 451 car-⁴

163 484 255 529 pat:
298 479 430 517 solent
452 486 585 516 autem
606 485 750 530 poetae
782 478 937 516 satirici
959 478 1141 516 breviter
1175 485 1216 515 et
1243 479 1456 516 urbaniter
1476 493 1553 530 per

164 546 382 599 transitum
415 545 600 585 homines
632 553 799 594 notare,
852 552 892 583 et
927 546 971 583 in
1005 545 1139 584 medio
1168 545 1356 584 discursu
1387 546 1554 598 obliquo

164 612 341 664 aliquem
364 613 565 651 dissecare
589 614 732 658 ictu;“
771 613 874 652 Brit.
909 619 951 650 et
983 613 1134 664 Grang.

280 680 327 718 81
348 682 477 719 -86,
508 682 585 719 His
621 683 829 731 versibus,
868 682 1071 733 prooemii
1104 682 1196 719 loco
1226 682 1411 734 scriptiS‚
1455 686 1559 720 con-⁴

165 745 324 784 tinetur
362 756 644 799 argumentum
685 757 725 788 et
765 763 921 787 summa
963 749 1168 799 omnium,
1227 763 1329 800 quae
1362 755 1485 801 poeta
1515 749 1560 787 in

170 814 418 852 carminibus
460 817 542 853 suis
586 816 722 855 dicere
765 823 887 869 atque
923 822 1176 868 pertractare
1214 817 1437 855 constituit.
1494 815 1560 853 Cf.

155 879 339 919 ,Casaulm
363 882 411 920 ad
433 882 547 921 Pers.
567 884 598 932 I,
623 898 654 922 1.
770 885 988 936 Quidquid
1011 892 1145 935 agant
1169 890 1210 921 et
1230 891 1402 934 egerunt
1423 884 1561 921 homi-

170 961 268 992 nes,
305 963 353 986 ex
384 964 462 1001 quo
493 958 677 1002 tempore
707 953 943 989 Deucalion
981 958 1055 988 cet.
1090 949 1128 987 h.
1157 965 1190 988 e.
1217 951 1314 989 inde
1350 952 1398 989 ab
1421 951 1563 988 ultima

170 1011 384 1054 hominum
419 1019 636 1066 memoria,
693 1033 716 1056 a
756 1032 879 1056 verae
903 1024 946 1054 et
985 1018 1173 1055 certioris
1210 1017 1405 1056 historiae
1435 1019 1563 1055 initiis

171 1094 302 1132 usque
322 1082 372 1120 ad
398 1083 497 1121 haec
522 1093 719 1137 tempora.
775 1085 839 1123 Cs.
870 1085 980 1135 Virg.
1014 1084 1090 1122 Ge.
1129 1085 1161 1132 Ι,
1184 1084 1230 1123 61
1259 1099 1338 1137 seq.
1399 1085 1466 1122 Sic
1489 1084 1563 1123 inf.

172 1148 271 1195 XV,
302 1151 367 1188 50.
400 1166 426 1187 a
462 1152 640 1200 Pyrrha.
782 1153 976 1191 81—84.
1011 1151 1073 1189 Cs.
1117 1151 1240 1190 Ovid.
1278 1153 1378 1190 luet.
1414 1152 1445 1200 Ι,
1483 1152 1565 1190 260

170 1229 255 1267 seq.
282 1223 324 1254 et
345 1217 492 1267 Heyne
523 1217 571 1254 ad
592 1218 782 1268 Apollod.
812 1219 844 1266 I,
866 1231 901 1267 7,
935 1233 950 1256 1
971 1240 1020 1247 —-
1038 1220 1073 1256 3.
1197 1220 1372 1263 nimbis,
1417 1220 1565 1257 imbri-

173 1282 272 1330 bus,
298 1297 452 1335 aequor
472 1285 724 1329 tollentibus,
752 1286 994 1335 augentibus
1016 1299 1211 1337 aquarum
1239 1287 1407 1337 copiam.
1467 1287 1568 1324 Na-

173 1351 290 1401 vigio
335 1350 451 1398 rudi,
507 1352 617 1403 quod
660 1359 845 1390 auctores
889 1353 1038 1390 Graeci
1075 1348 1252 1406 κιβωτόν
1288 1359 1330 1390 et
1370 1350 1569 1406 λάρνακα,

177 1417 337 1464 (Moses
364 1418 466 1455 Gen.
491 1420 566 1463 VI,
596 1421 644 1456 14
667 1434 748 1471 seq.
774 1418 875 1473 ³30)
919 1420 1093 1458 Ovidius
1125 1434 1308 1470 parvam
1331 1430 1463 1458 ratem
1493 1421 1568 1458 ad·-

176 1484 322 1535 pellat,
362 1485 490 1537 qualis
522 1487 565 1523 in
601 1487 894 1538 Apamensium
923 1489 1056 1525 numis
1093 1488 1362 1539 conspicitur,
1405 1488 1454 1526 de
1487 1502 1568 1540 quo

178 1551 262 1590 vid.
301 1552 587 1603 Falconerius3
638 1556 818 1593 chnin.
963 1565 1159 1598 montem,
1203 1555 1434 1606 Lycoream
1465 1557 1569 1593 Par—-

178 1620 297 1657 nassi.
339 1633 377 1657 v.
425 1620 572 1671 Heyne
614 1623 639 1659 1.
676 1636 709 1659 c.
743 1628 784 1659 et
817 1622 1030 1660 Muncker.
1077 1622 1126 1659 ad
1162 1625 1313 1673 IIygin.
1359 1623 1438 1660 sab.
1480 1624 1568 1664 153.

181 1695 329 1736 sortes,
377 1702 571 1739 responsa
605 1690 761 1727 oraculi
793 1689 1011 1741 Delphici,
1060 1689 1190 1742 quod,
1239 1697 1287 1727 ut
1319 1691 1417 1734 alia,
1471 1691 1570 1729 olim
1620 1688 1622 1690 V

180 1754 299 1792 etiam
321 1755 514 1793 edebatur
534 1770 608 1807 per
633 1766 756 1794 sortes
778 1756 816 1794 h.
839 1771 872 1794 e.
898 1771 973 1808 per
996 1758 1106 1795 sabas
1141 1758 1276 1808 nigras
1304 1764 1345 1795 et
1367 1758 1570 1803 candidas,

180 1822 248 1860 vel
270 1822 470 1873 glebulaS,
509 1824 575 1861 vel
597 1825 802 1875 pumices,
845 1824 916 1862 sed
945 1825 1050 1876 inpr.
1086 1839 1161 1876 per
1194 1831 1370 1863 tesseras
1414 1840 1444 1863 s.
1469 1827 1573 1864 talos

185 1895 228 1926 et
264 1890 460 1938 calculos,
513 1886 738 1943 (κλήρους,
793 1887 991 1943 ψήᾳους,
1041 1888 1215 1943 κύβους,
1276 1888 1574 1946 οἷστραγάλους,

183 1952 375 2008 monade)
404 1958 472 1995 vel
491 1959 680 2007 tabellas,
709 1960 896 1996 versibus
921 1960 1060 1997 aliisve
1086 1961 1195 1997 notis
1217 1960 1442 2012 inscriptas,
1472 1975 1575 2013 quae

180 2024 225 2061 in
250 2037 395 2061 urnam
417 2038 446 2061 s.
471 2025 633 2062 situlam
655 2026 1000 2074 conficiebantur,
1042 2041 1096 2065 ex
1126 2041 1205 2079 qua
1238 2034 1368 2065 sortes
1404 2028 1575 2066 ducebat

184 2097 323 2139 vates-3
365 2091 415 2129 de
443 2105 522 2143 qua
544 2095 840 2144 κληρομαντείᾳ
868 2108 897 2131 s,
932 2096 1225 2147 ψηᾳομαντείᾳ
1248 2108 1286 2133 v.
1309 2096 1463 2133 Potter.
1491 2096 1575 2134 Ar—

184 2157 335 2196 chaeol.
373 2158 427 2206 II,
474 2158 532 2196 16.
571 2165 611 2195 et
647 2159 862 2210 Spanhem.
900 2161 950 2198 ad
986 2161 1142 2200 Callim.
1172 2163 1226 2199 H.
1260 2163 1304 2199 in
1333 2163 1466 2213 Apoll.
1509 2163 1572 2200 45.

187 2227 372 2264 Oraeula
406 2228 543 2263 verius
578 2226 796 2271 (licuntur,
840 2242 944 2279 quae
979 2230 1282 2265 vaticinatione
1314 2229 1572 2280 fimduntur,

183 2294 314 2331 sedet
335 2302 531 2341 sortes,
572 2308 676 2345 quae
708 2293 929 2339 ducuntur,
967 2295 1051 2332 Cic.
1079 2295 1128 2332 de
1164 2294 1244 2333 div.
1270 2296 1323 2344 II,
1360 2298 1425 2335 55.
1485 2297 1575 2334 Ro-

182 2361 291 2398 mani
315 2369 438 2400 sortes
459 2360 712 2411 appellabant
737 2361 901 2412 quaevis
927 2363 1089 2399 oracula
1110 2377 1333 2414 eorumque
1368 2378 1575 2415 responsa,

182 2434 265 2465 tam
289 2441 365 2479 per
384 2435 535 2476 sortes,
576 2442 693 2480 quam
718 2442 789 2466 ore
821 2428 950 2477 edita,
998 2430 1187 2480 quoniam
1211 2431 1281 2467 illa
1316 2432 1575 2470 oraculorum

186 2509 334 2546 genera
351 2495 401 2532 iis
428 2495 511 2532 soh
541 2495 628 2532 scre
654 2502 746 2532 nota
770 2501 811 2532 et
830 2497 964 2534 vicina
991 2503 1127 2545 crant,
1163 2511 1201 2534 v.
1241 2511 1272 2535 c.
1296 2489 1425 2535 sortes
1448 2498 1576 2535 Prae-

184 2562 621 2610 nestinae,Antiatinae
646 2568 687 2599 et
708 2562 757 2600 al.
785 2562 866 2601 Sed
887 2562 926 2601 h.
952 2564 978 2601 l.
1000 2572 1124 2601 sortes
1151 2565 1271 2602 etiam
1290 2566 1457 2617 proprio
1480 2578 1574 2602 sen-

186 2643 233 2667 su
257 2629 439 2680 accipere
463 2629 573 2667 hcet.
681 2633 878 2681 poposcit
895 2639 1038 2680 sortes,
1067 2636 1115 2669 ut
1131 2645 1299 2684 poscere
1323 2632 1492 2672 oracula
1514 2646 1575 2686 ap.
