1686 3089
398 126 478 170 IN
517 126 756 170 IVV'EN.
810 125 950 166 SAT.
1003 126 1095 168 XV.
1364 130 1444 179 745

54 242 107 287 a}
126 238 458 296 iniinsta-pugna
478 243 537 286 fit.
644 242 977 293 6w1⁴62sFaceta
1001 247 1149 295 poetae
1173 245 1376 293 sententia
1399 251 1442 284 et

55 311 191 353 ironia
202 312 324 354 ²salsa.
438 325 516 363 quo
527 338 541 356 ,
573 323 612 348 v.
636 309 687 348 ad
706 310 822 358 VIII,
841 323 876 361 9.

147 378 222 420 .62
253 390 334 430 seq.
393 377 508 428 Virg.
549 377 651 430 Aen.
691 378 733 426 I,
773 379 860 423 150.
898 378 1068 430 lamque
1088 380 1214 430 faces
1261 390 1299 419 et
1341 395 1447 420 saxa

58 447 380 499 rola71,4;·ficror
408 459 527 482 arma
553 435 789 489 ministrat,
820 451 862 483 et
885 445 988 494 VII,‘
1014 446 1106 495 507.
1142 439 1259 498 ‘quod
1297 452 1446 502 cuique

57 522 269 565 repertum
304 514 524 556 Rimanti,
571 513 697 558 telam
729 516 795 550 ira
819 514 950 564 facit.
985 535 1041 561 ÷
1129 514 1192 551 63.
1224 517 1446 557 inclinatis

59 580 242 625 lacertis,
273 593 367 628 non,
396 585 442 626 ut
459 579 632 630 quidam
654 580 818 624 volunt,
836 579 1034 619 'demissis
1058 579 1109 618 ad
1135 595 1229 620 saxa
1250 585 1445 630 tollenda,

59 647 136 690 sed
163 647 366 693 inclinatis
409 645 589 693 brachiis
608 687 609 690 ,
629 653 670 685 et
713 647 893 695 reductis
933 648 978 690 in
1007 647 1173 686 modum
1210 652 1355 690 circuli
1397 655 1450 693 ad

60 715 328 763 vibrandum5
393 712 496 752 Ach.
566 713 698 753 Immo
753 715 825 753 illa
871 716 976 753 ratio
1023 714 1119 753 huic
1166 720 1449 768 praeferenda.

58 782 137 821 64,
164 784 262 820 Tela
275 811 288 828 ‚
330 795 463 830 arma,
514 782 712 820 seditioni
739 783 986 828 domestica,
1038 783 1255 843 sagniliaria
1280 793 1322 824 et
1348 802 1454 827 con-

59 857 198 898 sueta,
224 850 293 897 ¹vel
313 849 504 902 propria,
548 849 615 887 vel
635 863 736 901 quae
763 850 808 887 in
828 856 994 901 promtu
1023 845 1136 888 sunt:
1184 853 1264 891 nisi
1288 856 1455 906 epithe-

61 922 158 966 ton,
201 918 235 955 si
255 931 418 956 sensum
441 923 622 969 spectes,
665 916 714 954 ad
739 917 984 955 seditionem
1014 918 1281 961 referendum
1315 931 1376 962 est
1410 932 1454 964 et

62 983 447 1031 seditiozzildoctius
484 984 640 1023 dictum
667 998 743 1036 pro
775 985 1016 1028 seditionis,
1044 986 1112 1023 vel
1135 987 1193 1024 ita
1222 988 1458 1040 legendum.'

64 1052 289 1099 domestica
324 1053 602 1104 competentia
625 1052 779 1091 furori:
835 1066 929 1090 nam
957 1053 1072 1091 nulla
1103 1054 1160 1091 sic
1189 1063 1283 1094 sunt
1307 1058 1453 1098 dome-

66 1120 170 1158 stica
205 1121 437 1167 rixantibus
476 1120 574 1167 tela,
611 1126 659 1158 ut
703 1134 820 1169 saxa;
873 1126 952 1160 vet.
994 1119 1129 1159 Schol.
1169 1122 1270 1162 Ach.
1309 1133 1351 1164 et
1385 1129 1457 1167 alii

64 1187 207 1239 legunt
233 1188 433 1234 seditione
469 1194 509 1225 et
532 1186 610 1224 hoc
634 1187 788 1225 dictum
813 1193 959 1239 putant
980 1201 1059 1239 pro
1087 1191 1131 1226 z'n
1157 1192 1369 1232 seditione.

181 1256 232 1294 65
255 1270 338 1307 seq.
377 1254 474 1294 Non
506 1260 589 1292 tam
626 1254 792 1305 grandia
827 1255 984 1293 iaciunt
1019 1269 1137 1304 saxa,
1192 1260 1323 1310 qualia
1359 1263 1460 1304 olim

64 1321 212 1361 heroes
250 1323 405 1361 misisse
440 1321 720 1374 perhibentur.
793 1321 942 1360 Obiter
974 1328 1092 1360 notat
1115 1325 1336 1376 Virgilium
1363 1345 1459 1372 cum

66 1389 275 1435 Homero,
308 1390 417 1443 quod
449 1396 615 1442 praeter
645 1389 840 1427 decorum
869 1388 1013 1427 heroas
1046 1390 1249 1442 lapidibus
1284 1409 1458 1436 concer-

68 1464 175 1496 tasse
201 1464 367 1506 canant„
405 1463 447 1503 et
468 1463 634 1509 praeter
656 1456 1060 1495 verisimilitudinem
1081 1458 1207 1496 nimia
1231 1460 1461 1514 hyperbola

67 1525 285 1571 laseiyiant
312 1510 357 1568 in
387 1525 517 1572 saxis,
547 1525 590 1562 in
614 1523 809 1571 heroibus
833 1524 932 1575 ipsis
958 1530 999 1561 et
1024 1525 1247 1576 similibus3
1273 1530 1458 1573 Hennin.

67 1592 230 1632 Herocs
256 1592 471 1630 Homerici
490 1605 609 1641 saepe
634 1588 709 1639 (vj
723 1605 757 1630 c.
779 1591 826 1628 Il.
845 1591 921 1638 IV,
946 1592 1037 1639 517.
1071 1593 1122 1640 V,
1149 1594 1229 1632 303
1251 1610 1333 1650 seq.
1361 1601 1460 1651 VII,

67 1661 152 1699 264
177 1674 259 1711 seq.
292 1660 369 1707 XI,
395 1659 478 1709 264
499 1673 579 1710 seq.
613 1659 710 1705 XII,
733 1659 812 1696 445
838 1672 920 1708 seq.
950 1658 1071 1703 XIV,
1097 1660 1177 1712 409
1198 1668 1303 1715 seq.)
1349 1680 1462 1717 saxa,

66 1741 198 1779 eaque
223 1727 438 1774 immania,
488 1726 667 1773 iaciunt,
704 1739 831 1779 quum
858 1726 937 1771 alia
963 1727 1161 1768 deficiunt
1181 1744 1294 1770 arma
1318 1721 1385 1772 rel
1408 1736 1461 1775 acl

69 1808 215 1845 magna
255 1793 468 1832 conamina
503 1806 589 1830 non
629 1792 854 1831 sufficiunt:
924 1796 1033 1847 quod
1069 1796 1119 1834 ad
1155 1798 1264 1849 ipsos
1297 1814 1463 1854 quoque

69 1862 184 1900 Deos
208 1861 456 1905 transfertur
483 1860 531 1898 Il.
554 1860 674 1908 XXI,
699 1861 780 1899 405
804 1874 885 1912 seq.
944 1863 992 1900 Id
1012 1864 1177 1916 quidem
1200 1867 1318 1904 nobis
1339 1870 1462 1908 vide-

70 1935 142 1968 tur
163 1943 306 1980 parum
333 1928 479 1966 decere
513 1928 756 1966 bellatorem
766 1942 777 1977 3
830 1928 901 1966 sed
923 1944 1042 1981 quam
1067 1933 1245 1971 maxime
1272 1939 1464 1987 congruit

71 1998 254 2036 moribus
285 1995 460 2035 heroum
496 1995 811 2047 hominumque,
874 1999 945 2049 qui
971 2004 1012 2035 et
1048 1999 1170 2038 rudes
1203 2010 1298 2040 sunt
1327 2011 1369 2042 et
1401 2006 1464 2044 ira

73 2066 256 2104 seroces:
307 2063 417 2116 quod
450 2064 531 2101 iam
562 2064 722 2101 notavit
751 2064 952 2116 Koeppen
984 2065 1033 2103 ad
1066 2067 1188 2106 Hom.
1219 2069 1267 2107 Il.
1291 2071 1344 2119 V,
1367 2073 1462 2110 305.

75 2133 148 2184 qui
170 2133 292 2170 etiam
316 2133 360 2169 in
386 2137 470 2170 not.
492 2130 542 2169 ad
564 2130 611 2167 Il.
637 2131 668 2178 I,
691 2143 784 2180 272.
825 2138 867 2170 et
899 2133 944 2170 in
972 2141 1189 2172 comment.
1217 2135 1268 2174 de
1289 2137 1467 2177 Homeri

75 2201 229 2252 vita-et
250 2213 372 2242 carm.
403 2213 442 2250 p.
471 2198 618 2236 165—
635 2199 723 2246 173.
750 2197 890 2247 docet,
937 2214 1020 2238 non
1047 2202 1168 2253 plane
1197 2216 1342 2244 vanam
1377 2220 1466 2244 esse

74 2267 198 2306 fidem
235 2266 346 2304 illam
377 2272 419 2304 et
453 2266 689 2322 opinionem
723 2265 774 2303 de
815 2267 941 2305 vastis
972 2269 1224 2320 priscorum*
1249 2270 1466 2314 hominum

75 2334 319 2385 corporibus
353 2333 614 2384 viribusque,
666 2333 772 2371 vitae
809 2335 1025 2388 cultusque
1058 2337 1256 2388 elegantia
1284 2341 1468 2391 nondum

81 2401 327 2449 debilitatis,
355 2415 433 2452 qua
458 2401 672 2440 excolatur
707 2403 872 2454 quidem
898 2417 1068 2455 corpus,
1120 2404 1191 2442 sed
1211 2407 1332 2444 simul
1358 2409 1470 2448 vires

80 2470 167 2507 eius
190 2466 496 2506 imminuantur.
568 2468 650 2507 Res
671 2475 810 2508 tamen
836 2469 886 2523 εῷ
910 2472 1098 2510 Homero
1120 2473 1164 2510 in
1200 2474 1331 2512 maius
1360 2482 1402 2514 et
1423 2479 1469 2516 in

79 2527 324 2576 milacul'um
340 2537 590 2575 extollitm:
630 2537 754 2590 idque
786 2525 923 2577 obiter
955 2539 1156 2590 significat
1179 2548 1298 2592 poeta
1330 2544 1471 2582 satiri-

82 2619 179 2655 cus3
223 2607 300 2661 etsi
329 2604 430 2642 illud
457 2606 791 2645 consentaneum
803 2613 864 2644 est
898 2607 1094 2658 primaiio
1118 2609 1308 2659 consilio,
1360 2611 1470 2663 quod

84 2673 193 2726 epici
214 2673 361 2726 poetae'
381 2679 633 2726 sequuntur,
674 2657 898 2727 quodque
901 2674 952 2713 ad
975 2688 1128 2716 ammos
1153 2690 1294 2717 rerum
1324 2691 1472 2718 neura-
