1686 3089
505 184 582 229 1N
628 183 862 226 IVVEN.
908 182 1045 225 SAT.
1087 184 1141 225 x.
1422 183 1505 246 559

117 292 344 342 mostheni's
365 308 407 340 et
430 303 652 348 Ciceronis,
679 314 934 342 summorum
961 306 1184 340 oratorum.
1250 303 1336 340 115.
1366 304 1506 352 Quin--

116 380 292 424 quaeras
328 371 501 408 maiores
541 372 654 420 (nam
691 376 731 407 et
760 370 938 407 minores
980 368 1045 406 vel
1086 369 1336 408 minusculae
1375 378 1507 421 erant,

116 453 220 491 quae
246 439 383 476 Idibus
413 439 500 475 Iun.
535 434 866 490 celebrabantur)
894 436 979 474 dies
1003 436 1124 485 sesti,
1154 438 1202 474 ab
1227 439 1355 475 omnis
1379 453 1508 489 gene-

114 506 174 544 ris
207 506 433 544 artificibus
469 507 697 558 artiumque
728 505 918 543 studiosis
953 505 997 542 in
1034 502 1233 542 honorem
1266 507 1505 552 filiam-rae,

112 573 313 625 praesidis
339 574 507 621 artium,
547 574 626 610 acti
652 579 694 611 et
723 574 780 610 sic
809 573 931 619 dicti,
975 571 1084 623 quod
1108 563 1175 610 vel
1205 572 1386 623 quinque
1414 574 1508 613 die·—

113 640 189 678 bus
204 641 410 678 continuis
431 641 498 678 vel
518 655 539 678 a
561 640 627 678 die
653 641 797 692 quinto
833 646 925 691 post
946 637 1043 676 Idus
1067 639 1237 677 Martias
1259 639 1394 684 (XIV.
1420 641 1507 679 Cal.

113 710 240 759 Apr.)
271 709 533 758 agitabantur.
564 722 603 746 v.
640 708 763 746 Ovid.
791 709 896 745 Fasr.
921 707 992 755 III,
1020 709 1099 759 809
1124 721 1207 759 seq.
1235 708 1306 755 VI,
1324 708 1398 746 651
1421 722 1507 760 seq.

114 775 244 826 intpp.
282 776 388 813 Gell.
426 775 483 819 II,
511 787 575 813 21.
605 781 647 812 et
682 775 790 812 Suet.
817 775 940 812 Dom.
965 776 1001 812 4.
1034 773 1246 814 Charisius
1273 789 1306 815 1.
1337 777 1508 826 „Quin-

116 852 338 894 quatria-effa
367 843 660 894 quinquando,
701 843 728 879 i.
753 855 786 879 e.
817 841 1052 890 lustrando,
1089 843 1197 895 quod
1229 857 1278 881 eo
1301 843 1367 880 die
1390 857 1505 883 arma

755 910 777 928 l<

113 910 276 948 Ancih'a
309 910 475 948 lustrari
507 912 588 947 sint
617 910 749 947 solita.

113 977 390 1026 feriabantur,
435 977 600 1026 (Horat.
633 978 762 1028 Epist.
796 976 850 1024 II,
878 990 915 1025 2,
944 979 1056 1028 197.)
1095 979 1273 1030 novique
1294 979 1507 1037 discipuli

843 909 920 947 His
951 909 1280 962 Quinquatribus
1312 911 1509 964 discipuli

114 1046 265 1096 stipem
306 1046 548 1096 (minerval)
580 1045 794 1082 solvebant
827 1046 1050 1095 magistriS,
1100 1047 1170 1097 qni
1202 1047 1395 1097 exiguum
1424 1047 1505 1085 hoc

114 1125 262 1149 munus
295 1114 517 1150 Minervae
546 1111 736 1149 dedicare
769 1113 965 1150 solebant.
1020 1115 1079 1160 (v.
1112 1115 1256 1151 Heius.
1293 1114 1343 1151 ad
1377 1114 1502 1154 Ovid.

114 1181 220 1218 Fast.
256 1181 332 1229 III,
372 1182 487 1231 829.)
546 1180 656 1217 Hinc
691 1179 958 1231 discipulum,
1006 1183 1080 1233 qui
1114 1181 1252 1218 adhuc
1296 1196 1376 1219 uno
1412 1196 1503 1221 asse

107 1256 307 1298 partam,
349 1254 524 1292 emtam,
577 1249 675 1285 colit
697 1249 949 1296 Minervam,
986 1247 1069 1286 dici
1100 1255 1202 1299 puto
1241 1249 1506 1302 tirunculum,

116 1316 187 1368 qui
224 1316 560 1367 praeceptoribus
592 1328 674 1354 non
706 1316 786 1353 nisi
824 1315 950 1353 semel
982 1316 1093 1353 illam
1127 1316 1239 1353 dedit
1270 1319 1505 1359 mercedem

116 1382 300 1434 adeoque
326 1384 525 1422 elementa
559 1383 691 1420 adhuc
728 1385 877 1421 artium
910 1382 1044 1420 discit.
1067 1383 1279 1421 Plathncri
1306 1393 1401 1424 nota
1421 1393 1510 1427 est:

116 1450 324 1502 Discipuli
359 1452 406 1489 ab
442 1465 532 1489 asse
568 1450 843 1494 denominati,
894 1457 964 1498 ut,
1004 1451 1074 1502 qui
1107 1452 1239 1501 prima
1276 1454 1376 1491 iuris
1417 1455 1507 1492 ele-

116 1525 255 1557 menta
278 1517 518 1573 discebant,
572 1519 781 1568 dupondii
804 1517 902 1555 olim
939 1518 1213 1566 vocabantur,
1276 1521 1384 1570 qnod
1418 1523 1509 1563 scil..

112 1586 266 1623 nullius
291 1586 414 1638 pretii
437 1591 592 1634 essent,
617 1585 667 1622 de
696 1599 776 1637 quo
798 1599 837 1622 v.
859 1585 1002 1622 Iustin.
1027 1590 1125 1622 orat.
1147 1584 1197 1623 de
1218 1589 1398 1628 method.
1423 1592 1508 1632 iur..

117 1652 206 1691 doc.
237 1651 272 1706 §.
303 1666 341 1692 2.
378 1660 418 1691 et
452 1653 590 1691 Cuiac.
616 1653 733 1691 Obss.
758 1653 855 1690 XII.
883 1661 992 1690 extr.
1041 1652 1162 1692 Cous.
1184 1656 1279 1694 Van
1306 1658 1419 1696 Lect.
1449 1682 1506 1692 —·

119 1733 209 1772 117.
239 1722 368 1771 Quem
398 1722 638 1771 puerulum,
680 1721 730 1758 ad
760 1720 941 1758 scholam
963 1727 1151 1769 euntem,
1194 1728 1381 1774 sequitur
1407 1740 1505 1764 ver--

116 1789 239 1837 nala,
270 1797 406 1826 eustos
432 1801 609 1838 capsae,
652 1801 814 1834 servus,
865 1790 1111 1836 cap-carias,
1165 1790 1234 1840 qui
1264 1790 1392 1830 libros
1417 1794 1506 1834 sert:

113 1857 159 1896 in
179 1870 299 1908 capsa
326 1869 355 1892 s.
382 1856 539 1893 cistula.
571 1868 609 1892 v.
633 1855 765 1905 intpp.
790 1854 901 1891 Suet.
928 1852 1025 1892 Ner.
1048 1854 1113 1892 36.
1144 1855 1313 1907 Pignori
1338 1859 1388 1898 de
1411 1876 1509 1899 scr.-

117 1925 181 1963 vis
211 1938 249 1976 p.
280 1936 368 1975 119.
409 1922 572 1974 Ulpian.
610 1921 636 1959 l.
668 1921 703 1958 si
746 1922 1036 1970 collectaneus,
1093 1922 1146 1960 D.
1184 1922 1234 1961 de
1267 1930 1507 1969 manumiss.

114 1991 322 2039 vindicta,
356 1997 396 2028 et
419 1989 618 2040 Bettigeri
645 1989 792 2026 Sabina
814 2003 851 2040 p.
877 2001 923 2038 71
954 1996 994 2026 et
1020 1991 1085 2027 88.
1143 1992 1205 2028 Ab
1232 2004 1280 2030 eo
1306 1994 1508 2036 differunt

110 2059 369 2111 pa'edagogi‚
398 2057 586 2109 (Paggio‚
628 2054 779 2107 Pagen)
812 2056 862 2093 de
899 2057 1045 2108 quibus
1075 2071 1116 2096 v.
1148 2058 1335 2111 Bottiger
1362 2064 1434 2101 1.1.
1465 2079 1508 2116 p.

113 2128 208 2166 302.
237 2125 465 2178 Epitheton
491 2133 695 2175 angustae
732 2130 773 2161 et
796 2123 983 2163 diminut.
1015 2127 1188 2164 vernula
1211 2126 1262 2163 ad
1284 2129 1507 2174 infantiam

115 2193 307 2247 discipuli
337 2192 624 2243 designandam
662 2197 855 2243 spectant.

233 2264 322 2300 118.
360 2261 564 2312 Eloquio,
604 2259 861 2311 eloquentia,
914 2273 993 2312 qua
1015 2260 1317 2301 Demosthenes
1352 2265 1508 2306 adver-

115 2341 184 2367 sus
208 2327 475 2378 Antipatrum
502 2333 544 2365 et
563 2327 830 2376 Macedonas,
885 2326 1031 2366 Cicero
1064 2329 1258 2368 adversus
1279 2332 1336 2370 M.
1365 2336 1505 2372 Anto—

116 2398 235 2434 niam
256 2395 521 2433 triumvirum
571 2393 624 2447 (v.
655 2391 762 2448 123.)
792 2408 888 2433 usus
909 2401 991 2443 est,
1038 2405 1204 2448 uterque
1225 2402 1356 2449 periit
1368 2429 1381 2446 ,
1430 2403 1506 2442 ille

116 2462 263 2501 hausto
295 2476 473 2511 veneno,
531 2461 598 2499 hic
632 2476 753 2500 manu
790 2462 833 2500 C.
858 2463 1024 2515 Popillii
1045 2464 1138 2502 trib.
1161 2466 1244 2503 mil.
1271 2467 1310 2504 V
1313 2468 1365 2505 id.
1393 2469 1506 2508 Plus.

116 2531 190 2569 vit.
224 2531 441 2582 utriusque
479 2537 519 2567 et
541 2529 712 2579 Quintil.
735 2530 921 2569 Declam.
944 2530 1172 2570 CCLXIX.
1261 2547 1348 2587 119.
1379 2535 1503 2577 Cous.

114 2611 153 2637 v.
175 2612 212 2651 9.
244 2611 304 2637 10.
325 2604 368 2636 et
396 2597 444 2635 ad
468 2598 542 2645 ΙΙΙ,
571 2599 634 2647 74.

230 2678 320 2705 120.
361 2666 535 2718 Ingenio
560 2667 694 2706 facete
718 2681 817 2719 pro,
859 2667 1063 2716 Ciceroni,
1091 2667 1184 2706 viro
1210 2671 1314 2708 tanti
1336 2670 1505 2722 ingenii,

113 2733 182 2771 vel
201 2740 372 2786 propter
392 2734 611 2786 ingenium.
713 2747 802 2773 120.
835 2747 925 2773 121.
958 2733 1168 2776 Ciceronis
1197 2749 1367 2788 manua,
1397 2752 1502 2791 quae
