1798 3072
531 173 608 215 IN
649 167 1066 215 1VVEN.SAT.
1108 176 1142 218 1.
1510 188 1538 232 9

146 286 328 340 Phryxi,
355 283 421 331 rto*
442 286 726 344 χρυσόμαλλον
760 289 899 343 δέρας,
942 288 1206 341 subripuerit.
1233 310 1289 320 —-
1348 304 1410 331 11.
1446 287 1541 331 Ναί

145 356 191 395 Vi
211 369 391 408 pugnam
413 356 715 395 Centaurorum
748 371 840 395 cum
875 356 1064 408 Lapithis
1088 357 1132 394 in
1169 355 1380 396 Thessalia
1400 366 1440 397 et
1463 374 1539 398 ro-

147 421 227 461 bur
246 424 450 474 lli'onyclzi
474 425 694 473 Centauri,
733 438 854 475 quem
876 425 1041 462 arbores
1067 438 1162 462 cum
1188 424 1394 463 radicibus
1417 428 1541 465 evul-

145 490 249 528 sisse
287 498 329 529 et
372 492 540 530 torsisse
580 493 818 530 fabulantur
851 498 1007 543 poetae.
1042 493 1094 531 V.
1139 492 1261 530 Ovid.
1297 493 1398 531 Met.
1440 495 1541 544 XII,

147 559 228 610 499
249 573 330 611 seq.
360 560 514 597 Lucan.
552 561 633 610 VI,
673 560 767 599 388.
799 565 840 597 et
862 559 999 598 valer.
1032 559 1094 603 Fl.
1126 553 1164 610 I,'
1192 559 1268 600 145
1292 574 1374 614 seq.
1404 562 1476 600 ubi
1499 576 1541 602 v.

145 624 285 665 Burm.
395 676 399 678 V
587 675 592 680 η

265 707 325 734 12.
373 697 433 735 13.
479 697 614 736 Aedes
649 697 850 736 nobilium
884 705 925 736 et
962 698 1158 737 ditiorum
1198 696 1383 750 quotidie
1421 710 1539 736 reso-

144 769 246 801 nant
298 765 606 803 recitationibus
669 766 1067 819 repetitionibusque
1124 765 1360 804 earumdem
1396 766 1542 817 vulga-

144 832 255 877 rium
283 846 425 874 rerum
464 846 508 869 ac
548 832 800 881 fabularum,
854 846 950 885 quas
986 833 1093 871 varii
1126 839 1273 884 poetae
1310 839 1544 872 tractarunt

146 896 329 951 quaeque
353 899 452 937 adeo
474 899 603 937 cuivis
625 900 681 937 ita
703 900 967 939 innotescunt
988 901 1056 939 vel
1078 901 1158 938 iam
1175 900 1406 941 innotuere.
1449 900 1543 938 Ro·-

143 979 235 1004 mae
256 968 364 1005 enini
390 967 458 1004 vel
491 966 600 1003 domi
626 967 764 1017 paucis
785 969 927 1006 amicis
951 968 1186 1006 convocatis
1200 997 1210 1015 ,
1262 968 1329 1005 vel
1358 968 1402 1005 in
1426 967 1543 1006 aedi-

143 1031 220 1071 bus
243 1040 282 1070 et
302 1033 466 1085 quidem
491 1034 534 1071 in
554 1034 668 1071 atriis
692 1036 973 1085 porticibusve
993 1049 1134 1073 earum
1168 1036 1273 1072 laxis
1294 1035 1543 1087 magnisque,

146 1115 248 1152 quae
272 1102 552 1148 tenuioribus,
592 1102 740 1152 quibus
773 1115 819 1137 ca
845 1115 928 1138 non
962 1107 1100 1147 erant,
1142 1115 1165 1138 a
1191 1101 1319 1139 divite
1339 1102 1476 1153 aliquo
1500 1110 1543 1142 et

143 1168 274 1205 not-ili
296 1169 412 1215 viro,
450 1173 497 1204 ut
520 1166 559 1203 h.
582 1167 610 1203 1.
639 1180 662 1203 a
680 1167 908 1214 Frontone,
948 1165 994 1214 (a
1020 1168 1147 1205 Stella
1169 1168 1292 1205 Esart.
1318 1168 1391 1217 IV,
1420 1170 1457 1218 6,
1479 1171 1542 1220 5.)

145 1233 532 1281 commodabantur,
563 1232 631 1270 vel
651 1232 826 1284 denique
846 1234 1022 1285 publicis
1042 1235 1162 1283 locis,
1206 1236 1249 1272 in
1279 1243 1428 1287 quanta
1453 1251 1542 1276 ma-

145 1301 258 1339 xima
285 1299 375 1337 fieri
404 1306 565 1351 poterat
591 1299 807 1338 hominum
838 1315 1013 1349 corona,
1063 1302 1324 1342 recitabatur.
1395 1303 1459 1341 Cf.
1491 1305 1543 1344 ad

145 1367 244 1416 VII,
281 1368 345 1404 40.
371 1368 515 1405 Horat.
541 1368 623 1404 Sat.
656 1368 688 1414 Ι,
725 1368 761 1415 3,
798 1369 849 1406 88
885 1383 967 1420 seq.
1003 1368 1037 1411 I,
1071 1370 1107 1416 4,
1133 1370 1184 1416 74
1215 1382 1295 1421 seq.
1335 1371 1440 1409 Ptin.
1462 1372 1540 1424 Ep.

146 1434 264 1481 VIII,
292 1447 351 1471 12.
392 1433 602 1485 Theophr.
637 1434 757 1472 Char.
796 1436 847 1473 V.
873 1442 981 1472 extr.
1004 1436 1143 1487 ibique
1177 1436 1346 1475 Casani).
1405 1441 1543 1477 Fron-

145 1504 252 1538 tonis
275 1503 438 1539 nomine
460 1502 528 1539 vel
554 1502 727 1554 quilibet
749 1501 985 1553 designatur
1018 1504 1084 1541 vir
1116 1504 1267 1542 nobilis
1302 1505 1544 1546 doctorum-

147 1582 226 1620 que
256 1568 470 1607 hominum
500 1570 657 1619 fautor,
704 1569 772 1608 vel
796 1570 853 1607 Μ.
876 1569 1032 1608 Fronto
1062 1571 1152 1619 ille,
1202 1573 1272 1623 qui
1296 1579 1360 1610 ter
1384 1580 1424 1610 et
1449 1588 1544 1614 cum

147 1635 324 1674 Traiano
352 1637 495 1674 consul
520 1637 628 1681 suit,
672 1636 722 1674 de
750 1651 830 1689 quo
857 1651 896 1675 v.
936 1637 1020 1675 Dio
1042 1637 1256 1687 LXVIII,
1300 1653 1332 1677 1.
1362 1641 1542 1680 Martial.

145 1702 180 1748 I,
208 1704 272 1749 56,
295 1716 331 1742 2.
365 1705 552 1750 (Clarum
587 1706 767 1742 militiae
803 1706 956 1742 Fronto
987 1714 1187 1757 togaeque
1211 1706 1353 1753 decas)
1376 1715 1416 1745 et
1436 1709 1543 1746 Plin.

145 1770 293 1821 Pancg.
316 1785 348 1808 c.
375 1772 440 1810 (io.
468 1772 486 1793 ⁷
543 1772 650 1810 Eum
673 1771 886 1810 Plutarchi
921 1779 1117 1824 nepotem
1137 1773 1269 1810 fuisse
1298 1774 1428 1812 tradit
1451 1774 1545 1814 Joh.

146 1838 341 1876 Sah'sbur.
362 1840 406 1876 in
429 1839 675 1882 Policrratico
694 1840 812 1888 VIII,
842 1840 903 1877 13.
991 1841 1179 1890 platani,
1216 1842 1411 1891 porticus,
1443 1856 1542 1893 quas

144 1905 301 1958 platani
323 1906 578 1944 obumbrant.
640 1907 704 1944 Cs.
724 1907 906 1944 Martial.
931 1906 1008 1955 III,
1040 1921 1100 1958 19,
1122 1919 1159 1943 2.
1190 1908 1265 1953 III,
1295 1910 1358 1956 58,
1385 1910 1421 1947 3.
1462 1910 1546 1946 Pe-

147 1979 254 2011 tron.
298 1975 384 2013 131.
416 1975 539 2025 Prop.
566 1974 620 2022 II,
647 1975 712 2022 32,
740 1987 784 2012 11
815 1988 896 2026 seq.
939 1975 1064 2012 Miser
1084 1974 1200 2011 Obss.
1228 1974 1329 2013 Crit.
1361 1977 1456 2017 Vol.
1490 1978 1542 2015 V.

148 2040 198 2080 Τ.
221 2041 296 2078 III.
319 2055 356 2091 p.
382 2053 447 2079 21.
505 2040 618 2078 Nota
639 2033 784 2079 Heinr.
810 2049 870 2080 est
898 2041 1020 2079 haec:
1059 2043 1303 2090 „Flammis
1319 2071 1333 2088 ,
1386 2049 1434 2081 ut
1453 2058 1546 2082 om·-

146 2108 246 2145 nino
280 2107 465 2160 iucunda,
499 2115 540 2145 et
575 2108 723 2147 dilecta
762 2110 939 2161 antiquis
981 2110 1102 2147 arbor
1138 2109 1241 2158 suit,
1314 2106 1369 2163 (v.
1415 2111 1545 2150 Gron.

151 2175 271 2216 Obss,
296 2176 327 2223 I,
350 2176 386 2213 5.
408 2182 448 2212 et
472 2176 611 2213 Burni.
637 2174 724 2214 Sec.
751 2176 800 2214 ad
821 2176 988 2215 Anthol.
1015 2177 1104 2215 La†.
1131 2178 1179 2214 T.
1201 2178 1252 2215 II.
1278 2191 1316 2228 p.
1348 2175 1458 2229 555.)
1489 2179 1547 2216 ita

149 2257 320 2295 perraro
342 2245 474 2292 abest,
504 2244 576 2280 ubi
602 2242 732 2281 dulcis
757 2250 797 2281 et
832 2258 980 2295 opacae
1015 2244 1121 2282 sedis
1155 2245 1373 2282 amoenitas
1401 2244 1548 2283 aduin-

150 2311 306 2350 bratur.
361 2311 499 2349 Facile
521 2309 587 2348 hic
609 2311 814 2349 succurrit
833 2325 888 2349 ex
909 2310 1096 2349 Phaedro
1116 2312 1300 2349 Platonis
1333 2309 1400 2365 (ad
1423 2326 1546 2365 quem

201 2444 352 2488 7.Hunc
370 2444 496 2477 saltem
516 2446 716 2487 intelligere
733 2457 815 2478 ma-
873 2446 965 2489 plu-ii
1001 2445 1122 2477 Fastos
1151 2452 1185 2477 et
1216 2446 1327 2494 intpp.
1365 2444 1463 2479 Gell.
1500 2447 1549 2487 Π,

157 2503 244 2541 lim,
288 2513 396 2544 qnam
437 2515 519 2535 cum
548 2503 735 2535 Dodweno
764 2504 816 2546 (iu
874 2504 930 2536 26.
954 2501 1049 2542 XIX,
1081 2501 1113 2534 8.
1137 2510 1171 2534 et
1198 2513 1253 2535 1ο.
1290 2502 1386 2537 Plin.
1412 2503 1479 2546 Ep.
1500 2503 1548 2545 Π,

153 2561 214 2591 vit.
232 2560 368 2602 Iuven.)
393 2569 477 2593 extr.
502 2561 554 2594 M.
575 2560 684 2592 Corn.
699 2561 818 2592 Fron·
879 2573 930 2593 11.
966 2560 1024 2600 IV,
1059 2570 1092 2603 9.
1127 2560 1171 2600 V,
1203 2559 1255 2592 15.
1289 2569 1323 2592 et
1353 2560 1486 2603 Paneg.
1514 2573 1548 2594 c.

157 2625 298 2659 tonem,
340 2626 515 2650 oratorem
544 2619 819 2650 celeberrimum
878 2619 933 2652 fio,
964 2618 1046 2652 Tac.
1082 2616 1178 2649 Anu.
1219 2616 1275 2659 U,
1313 2618 1369 2655 53·
1407 2617 1463 2653 68.
1505 2626 1540 2650 οι

158 2681 193 2705 et
218 2674 480 2709 Antoninorum
502 2678 721 2718 magistrum.
767 2675 822 2707 De
877 2675 1056 2710 Dodwell.
1079 2675 1106 2709 l.
1129 2686 1163 2709 c-

155 2729 211 2764 his
229 2733 375 2775 aliisque
396 2731 648 2766 Frontonibus
665 2745 696 2766 v.
717 2732 822 2766 Onu-
