1686 3089
462 197 539 237 IN
577 194 748 236 IVVE
764 195 815 233 N.
846 194 985 233 SAT.
1015 194 1128 233 Vm.
1415 194 1500 244 437

101 312 271 360 frutex,
310 309 531 350 Armeniae
561 310 822 363 potissimum
854 322 900 346 ac
919 308 1119 353 ‘Mediam
1159 315 1202 346 et
1233 307 1381 347 deinde
1414 323 1495 347 un-

101 385 299 430 guentum
320 378 419 417 inde
444 385 642 431 paratum.
670 377 705 402 ⁵5
790 379 965 418 adsiduo
995 390 1072 427 pro
1098 374 1277 414 adsidue.
1337 379 1495 415 Obvius

100 449 233 485 currit
259 446 531 498 Damasippo,
567 447 697 485 laetus
730 447 817 485 eius
863 446 1044 484 adventu
1087 443 1356 495 blandiusque
1394 458 1490 481 eum
1531 476 1534 479 .

98 519 363 565 excepturus.
452 514 541 553 160.
572 516 705 552 Porta
733 515 931 552 Idumaea
951 519 1093 565 portus
1117 512 1184 549 vel
1212 525 1304 562 opp.
1325 512 1490 563 aliquod

96 580 337 630 Idumaeae,
374 595 451 633 per
479 582 610 634 quod,
648 589 856 634 tamquam
884 587 1067 633 portam,
1119 577 1489 616 transvehebautur

96 661 256 687 merces
293 663 346 687 ex
375 649 494 687 India
531 655 572 687 et
604 650 774 688 Perside
804 651 848 688 in
881 649 998 687 Rom.
1024 647 1265 699 imperium3
1294 653 1340 684 ut
1361 655 1490 697 porloe

96 715 248 766 Syenes
280 717 356 765 XI,
395 717 484 754 124.
522 717 595 755 ubi
626 731 759 756 sermo
791 724 852 756 est
875 717 925 754 de
951 715 1142 753 dentibus
1160 713 1390 765 elephanti,
1418 713 1490 764 qui

96 795 153 820 ex
171 782 392 834 Aethiopia
422 786 466 822 in
500 784 735 836 Aegyptum
768 791 810 822 et
846 784 942 821 inde
976 783 1148 821 Romam
1179 780 1490 820 advehebantur

95 862 172 901 per
198 850 381 901 Syenen,
420 852 578 902 penius,
600 854 644 890 in
674 852 823 890 finibus
846 850 1090 901 Aethiopiae
1112 855 1153 886 et
1176 848 1381 900 Aegypti,
1410 859 1488 899 per

95 929 239 968 quam,
280 923 472 970 tanquam
503 926 692 970 portam,
730 920 927 957 transitus
950 924 1014 956 est
1039 918 1080 955 in
1105 917 1194 955 illas
1217 922 1357 953 terras.
1416 915 1488 952 Si-

91 984 249 1022 militer
272 984 361 1023 sere
398 988 532 1024 ianua
565 989 773 1025 Baiarum
806 986 999 1024 dicuutur
1037 986 1188 1024 Cumae
1223 983 1298 1031 III,
1334 983 1370 1020 4.
1403 982 1490 1019 nisi

85 1060 216 1101 porta
237 1050 276 1089 h.
294 1052 320 1089 l.
347 1066 424 1104 pro
444 1054 546 1091 urbe
568 1055 700 1105 posita
719 1061 805 1103 est,
837 1061 881 1091 ut
905 1054 1017 1092 sorte
1041 1051 1118 1101 XI,
1146 1053 1233 1091 124.
1272 1056 1314 1088 et
1344 1050 1484 1086 Valer.

89 1118 153 1156 Fl.
180 1119 212 1166 Ι,
237 1119 330 1168 676.
364 1121 605 1172 saepiusque
627 1119 763 1172 πύλη,
799 1124 882 1171 Ἧςὶῤ
920 1127 997 1158 cet.
1024 1122 1068 1158 in
1092 1119 1214 1157 sacris
1241 1117 1374 1155 literis
1401 1115 1486 1154 lin-

90 1187 261 1238 guisque
283 1187 477 1236 orientis,
507 1190 698 1240 quoniam
720 1199 843 1240 porta
867 1189 950 1227 fuit
983 1189 1204 1240 praecipua
1235 1185 1486 1237 oppidorum

89 1267 204 1306 pars,
233 1254 374 1306 ibique
394 1254 556 1303 sorum,
587 1257 750 1294 comitia
775 1263 852 1295 cet.
913 1255 1153 1294 Camerinus
1187 1260 1229 1291 et
1256 1251 1358 1290 Ach.
1377 1252 1482 1289 Idu-

89 1336 252 1359 maeam
279 1331 451 1373 portam
484 1323 566 1361 dici
599 1330 746 1374 putant
779 1339 888 1373 eam,
920 1337 995 1375 per
1032 1335 1151 1374 quam
1186 1319 1492 1371 triumpharint·

87 1389 361 1441 Vespasianus
389 1396 431 1428 et
453 1391 573 1428 Titus
595 1391 646 1428 de
670 1391 832 1429 Iudaeis
848 1422 858 1440 ,
883 1398 925 1429 et
945 1391 1119 1429 sortasse
1151 1402 1292 1427 arcum
1330 1388 1483 1424 trium-

87 1455 251 1508 phalem
272 1457 373 1505 Titi,
404 1459 523 1495 iuxta
549 1472 668 1510 quem
692 1459 932 1510 frequentes
957 1458 1114 1504 fuerint
1134 1456 1320 1507 popinae.
1375 1453 1483 1491 lda-

89 1539 237 1570 maea,
266 1538 370 1577 quae
395 1527 565 1577 proprie
597 1539 692 1577 pars
725 1523 900 1562 Iudaeae
933 1531 1018 1573 est,
1055 1524 1188 1576 poetis
1218 1528 1307 1560 tota
1327 1520 1482 1558 dicitur

86 1592 248 1631 Iudaea.
367 1593 456 1631 161.
499 1594 699 1645 Hospitis
734 1593 913 1645 affecta,
962 1591 1112 1630 blando
1161 1590 1356 1641 cauponis
1391 1602 1494 1626 ser--

85 1673 220 1698 mone.
333 1661 565 1698 Dominum
611 1662 846 1712 Regemque
889 1660 1050 1698 salutat
1082 1658 1399 1708 Damasippum,
1436 1661 1483 1693 ut

88 1741 150 1779 ap.
170 1727 349 1765 Martial.
370 1728 403 1775 Ι,
423 1742 437 1766 1
451 1729 510 1776 15,
529 1741 560 1766 1.
588 1729 661 1776 IV,
689 1729 802 1775 84,5.
823 1727 878 1775 X,
898 1740 963 1776 10,
985 1725 1036 1773 53
1063 1726 1214 1775 Grang.
1247 1722 1481 1774 dengndd-

83 1809 169 1847 gen
206 1796 349 1832 Herm
382 1796 473 1833 und
502 1795 636 1833 holzen
666 1797 855 1840 G5n112r;
896 1793 1066 1831 Bahrdt.
1187 1792 1277 1830 162.
1320 1791 1475 1840 Cyane,

86 1862 340 1910 tabemaria,
367 1863 436 1900 vel
456 1862 610 1899 famula
643 1868 685 1899 et
713 1861 1000 1912 prostibulum.
1116 1861 1330 1896 succincta
1364 1871 1482 1895 mole

88 1943 257 1977 emum,
306 1930 377 1981 qui
405 1935 542 1979 togam
574 1929 837 1999 succingunt,
888 1934 936 1965 ut
974 1926 1207 1978 expeditius
1244 1926 1480 1964 ministrare

87 1998 154 2035 vel
179 2011 282 2059 opus
308 1978 598 2048 quodcumque
614 1995 752 2033 saceie
774 1996 956 2047 possint,
978 1995 1162 2047 adeoque
1187 1993 1340 2031 sedula.
1411 1991 1477 2030 Cf.

86 2064 138 2103 ad
160 2057 237 2113 IV,
257 2065 322 2102 24.
392 2064 574 2114 lagena,
602 2063 714 2102 vino.

204 2145 220 2170 1
229 2132 294 2170 63.
322 2131 529 2182 Defensor
539 2130 701 2180 culpae,
728 2130 799 2183 qui
808 2131 910 2169 vitia
921 2129 1132 2169 hominum
1149 2143 1343 2168 excusare
1358 2134 1477 2174 amat,

86 2200 153 2237 vel
185 2199 256 2251 qui
279 2197 581 2248 Damasippum
598 2196 804 2246 defendit,
830 2198 1112 2236 eius-amicus.
1140 2219 1194 2226 —
1257 2197 1346 2235 165.
1379 2210 1474 2234 omn

79 2270 225 2318 prima
246 2266 378 2303 barba
404 2273 658 2309 resecentur,
684 2265 766 2303 iam
800 2279 824 2304 a
852 2265 987 2317 prima
1030 2264 1289 2318 deponantur
1318 2251 1474 2302 >adole-

81 2334 248 2372 scentia.
308 2332 373 2371 Cf.
406 2332 456 2370 ad
472 2333 546 2380 VI,
578 2334 668 2372 105.

204 2400 279 2450 167
309 2414 391 2451 seq.
459 2399 541 2437 Sed
576 2400 696 2438 venia
730 2399 925 2451 indignus
954 2406 1017 2438 est
1052 2400 1347 2450 Damasippus,
1403 2397 1476 2448 qui

86 2469 208 2507 etiam
230 2481 365 2516 nunc,
394 2472 527 2504 aetate
551 2467 632 2504 iam
654 2474 896 2519 provectus,
941 2467 1130 2505 eumdem
1159 2468 1269 2505 vitae
1307 2478 1473 2502 cursum

83 2536 284 2588 sequitur.
313 2555 370 2565 -—
444 2534 535 2573 168.
571 2535 861 2582 Thermarum,
905 2534 1298 2586 thermopoliorum,
1328 2538 1376 2570 ut
1396 2533 1474 2580 XI,

135 2634 189 2668 55.
233 2646 265 2666 1
292 2633 454 2666 Dioscor.
499 2633 527 2674 Ι,
564 2633 617 2666 14.
657 2633 750 2666 Plin.
807 2635 899 2677 inpr.
936 2633 1058 2666 Heius.
1089 2633 1133 2666 ad
1170 2632 1274 2667 Ovid.
1305 2632 1371 2677 Ep.
1394 2631 1472 2664 He-

82 2691 228 2729 XIL15.
256 2690 566 2731 XV1‚52.Martin.
584 2690 750 2735 etHeyne
806 2690 898 2726 reid.
922 2689 998 2732 XV,
1030 2689 1085 2735 76.

86 2748 132 2783 ad
155 2749 257 2793 virg
279 2748 359 2788 Eol.
383 2747 447 2792 111,
473 2747 532 2796 89
555 2745 616 2793 IV,
639 2746 751 2793 2553
