1686 3089
476 191 552 233 IN
599 190 838 234 IVVEN.
882 189 1024 230 SAT.
1077 191 1112 233 Ι,
1438 194 1491 237 51

102 319 238 359 studio
274 325 410 371 captos
445 318 596 366 fuisse,
643 316 754 356 haud
785 318 953 369 ignoro:
1001 317 1074 356 sed
1108 317 1285 356 Fuscum
1319 333 1495 370 puerum

103 390 142 426 ei
167 388 329 438 aurigae
353 386 536 425 officium
558 385 828 438 praestitisse,
870 386 981 430 (lora
1006 387 1249 445 tenzcisseov.
1275 384 1356 438 61.)
1386 387 1496 439 quod

100 456 286 494 Britann.
311 461 351 492 et
372 455 441 491 alii
466 458 650 501 monent,
672 453 819 490 nullibi
841 453 977 503 legere
1001 453 1181 491 memini.
1197 449 1234 474 ²3
1295 453 1358 491 60.
1386 455 1495 493 Nota

101 523 225 561 Hein.
250 528 336 560 est:
375 522 538 570 „Verba
571 521 668 557 <lum
701 521 894 571 pervolat
930 535 1005 557 axe
1029 536 1061 558 c.
1091 521 1138 558 F.
1166 520 1297 558 refert
1319 521 1422 558 Brit.
1444 521 1496 560 ad

99 591 291 644 proxime
321 588 619 636 antecedentia,
674 593 721 624 ut
763 586 841 625 hoc
882 587 1064 626 dicatur:
1112 589 1363 640 consumpsit
1389 589 1497 627 bona

101 672 192 706 sua,
234 658 332 695 dum
366 658 409 694 in
433 656 603 707 gratiam
624 654 804 692 Neronis
837 656 1004 706 aurigat.
1063 655 1144 693 Sed
1170 657 1244 693 vix
1269 662 1389 708 puto,
1417 657 1497 694 Ti-

55 717 58 720 ⁴
102 726 320 777 gellinum,
360 729 430 761 aut
461 724 642 775 quisquis
677 723 965 773 inteiligendus
1006 730 1092 770 est,
1145 724 1179 761 si
1209 722 1369 762 Neroni
1403 723 1495 761 offi-

101 795 212 831 cium
231 794 392 843 aurigae
412 791 641 842 praestitit,
675 789 720 827 id
752 803 826 828 suo
865 804 957 828 aere
980 791 1136 829 secisse.
1206 791 1399 842 Suspicor
1418 805 1498 842 po-

100 863 204 908 tius,
245 873 410 897 sensum
439 857 479 895 h.
509 858 536 896 l.
577 872 684 895 esse:
735 858 873 907 Quum
897 860 951 904 is,
993 861 1067 910 qui
1093 859 1200 895 bona
1228 873 1374 906 censu,
1410 860 1436 896 i.
1459 873 1495 896 e.

99 928 173 979 qui
192 928 298 965 bona
319 927 455 964 onmia
493 925 755 977 dilapidavit,
802 926 1103 977 piaesecturam
1138 926 1499 966 Praetorianorum

90 1001 261 1046 ⁴speret,
314 994 412 1031 dum
436 994 630 1044 pervolat
664 999 764 1040 cet.,
819 995 911 1044 quia
947 995 1210 1045 Imperatoris
1252 995 1389 1045 auriga
1423 1001 1499 1032 est.

100 1063 245 1101 Talem
276 1061 629 1099 constructionem
654 1074 737 1098 non
771 1061 993 1098 inauditam
1027 1074 1135 1106 esse,
1187 1060 1337 1098 docent
1363 1063 1495 1112 intpp.

101 1130 152 1168 ad
176 1130 272 1168 Tac.
292 1129 398 1166 Ann.
422 1128 458 1171 Ι,
486 1129 550 1176 7.“
603 1128 796 1178 pervolat
819 1141 918 1175 axe,
950 1140 1096 1174 curru,
1135 1130 1285 1175 citam,
1345 1136 1391 1164 ut
1428 1128 1497 1165 se-

100 1210 148 1236 re
173 1211 234 1248 ap.
257 1197 372 1246 Virg.
400 1194 474 1232 Ge.
496 1193 572 1242 III,
603 1205 692 1242 107.
751 1195 1010 1230 Flaminiam
1040 1196 1169 1241 viam,
1213 1195 1397 1233 omnium
1423 1210 1498 1233 an-

100 1263 372 1318 tiquissimam
396 1268 437 1300 et
460 1262 768 1300 celeberrimam
783 1290 794 1310 ‚
836 1260 969 1299 Roma
991 1274 1066 1312 per
1094 1261 1306 1300 Etruriam
1337 1263 1498 1300 Arimi-

102 1347 157 1372 no
179 1338 298 1369 tenus
328 1345 349 1367 a
375 1329 420 1367 C.
447 1330 649 1367 Flaminio
676 1327 855 1368 Censore
888 1331 938 1366 A.
970 1328 1021 1366 V.
1054 1328 1310 1367 DXXXIII.
1341 1329 1500 1381 perdu-v

104 1405 222 1447 ctam,
259 1397 409 1450 (strab.
431 1398 482 1435 V.
511 1411 549 1449 p.
577 1398 691 1442 333.)
716 1402 756 1433 et
776 1397 823 1432 ab
849 1396 1032 1445 Augusto
1057 1396 1275 1433 immitam:
1306 1396 1497 1439 (sueton.

102 1481 138 1505 c.
162 1467 246 1513 30.)
273 1480 295 1503 a
319 1478 395 1517 qua
420 1465 579 1502 diversa
602 1470 663 1502 est
688 1463 785 1509 alia,
817 1477 935 1514 quam
961 1462 1004 1499 C.
1037 1463 1260 1501 Flaminius
1290 1463 1443 1502 Consul
1475 1479 1499 1503 a

101 1534 288 1573 Bononia
310 1532 361 1570 ad
386 1532 598 1569 Arretium
621 1531 779 1578 stravit,
807 1536 911 1567 teste
925 1529 1018 1568 Liv.
1040 1530 1253 1580 XXXIX,
1277 1543 1314 1569 2.
1388 1547 1498 1583 puer

100 1601 381 1644 Automedon,
433 1600 611 1646 Fuscus,
650 1598 718 1635 vel
743 1597 844 1634 alius
870 1596 1029 1643 (nescio
1062 1598 1150 1649 quis
1163 1598 1199 1644 '?)
1239 1599 1378 1651 auriga
1407 1600 1498 1638 Ne-

102 1669 234 1716 ronis,
274 1673 323 1705 ut
352 1666 615 1705 Automedon
643 1661 807 1720 ἦνίοχος
830 1663 1025 1713 Achillis,
1065 1666 1116 1702 de
1147 1679 1230 1717 quo
1261 1680 1298 1704 v.
1327 1667 1497 1705 Homer.

102 1736 151 1774 Il.
172 1752 226 1784 π,
263 1735 338 1773 145
379 1748 460 1785 seq.
493 1749 542 1785 ρ,
571 1734 652 1785 429
683 1747 764 1784 seq.
795 1733 1047 1784 459—537.
1079 1751 1122 1782 z,
1152 1735 1232 1785 395
1272 1747 1354 1785 seq.
1382 1735 1495 1785 Virg.

103 1805 208 1842 Aen.
233 1803 297 1851 II,
326 1803 420 1852 477,
449 1807 490 1838 et
514 1801 562 1838 al.
621 1801 703 1838 Pro
728 1801 871 1852 quovis
902 1802 1023 1838 etiam
1049 1802 1185 1851 auriga
1214 1802 1497 1838 Automedon-

105 1873 162 1910 tis
197 1870 362 1909 nomine
398 1870 531 1907 utitur
574 1868 662 1907 Cic.
691 1882 768 1920 pro
808 1868 928 1905 Rosc.
975 1869 1066 1906 Am.
1104 1882 1136 1905 c.
1178 1869 1244 1906 35.
1309 1868 1372 1905 62.
1405 1870 1501 1919 lpse

104 1937 240 1978 Nero:
270 1951 362 1975 nam
391 1939 502 1988 ipse,
537 1942 584 1973 ut
609 1938 678 1974 ille
714 1950 752 1975 v.
786 1948 850 1988 97.
877 1941 920 1972 et
954 1927 1077 1981 ᾀῦτός
1098 1941 1140 1972 et
1166 1935 1340 1984 ἐκεῖνος,
1379 1949 1499 1987 saepe

105 2006 370 2052 auctoritatis,
396 2004 564 2042 honoris
582 2010 624 2041 et
642 2004 899 2042 reverentiae
920 2003 1258 2054 significationem
1285 2002 1430 2052 habet,
1460 2011 1501 2042 et

104 2072 201 2110 hinc
221 2073 425 2123 exquisite
449 2071 508 2107 ita
530 2073 728 2122 magister
751 2071 923 2119 dicitur,
962 2083 1086 2122 quum
1107 2070 1342 2121 discipulus,
1368 2069 1501 2119 (unde

105 2139 211 2178 illud
237 2138 587 2190 Pythagoreorum
619 2132 741 2184 αὖτός
769 2134 882 2191 ἔφα)
924 2138 1139 2181 dominus,
1185 2152 1309 2189 quum
1345 2134 1502 2187 servus,

108 2209 357 2258 imperator,
400 2219 524 2257 quum
550 2206 666 2243 miles
691 2206 898 2257 loquitur,
942 2214 1173 2256 patrona-9,
1225 2205 1259 2242 si
1291 2205 1341 2242 de
1371 2205 1502 2242 clien-

107 2275 237 2323 tibus,
277 2276 466 2318 animus,
512 2273 547 2310 si
579 2272 630 2311 de
665 2286 837 2325 corpore
872 2273 1030 2323 agitur,
1070 2273 1299 2324 Imperator
1337 2285 1370 2309 e.
1402 2286 1431 2310 s.
1461 2287 1500 2324 p.

152 2460 209 2492 25.
237 2459 444 2491 Plathnerus
478 2459 642 2502 putabat,
685 2470 774 2501 poe-
833 2459 858 2492 l.
884 2470 912 2492 c.
944 2470 975 2491 v.
1005 2459 1060 2492 61.
1108 2457 1181 2491 Cic.
1217 2457 1309 2489 Phil.
1342 2459 1402 2498 ΙΙ,
1445 2455 1502 2488 28.

111 2525 186 2549 tam
209 2516 243 2547 h.
269 2517 294 2548 l.
320 2517 356 2548 in
382 2516 549 2558 ambiguo
575 2516 715 2556 ludere,
741 2524 774 2548 et
834 2526 868 2549 et
893 2516 1008 2548 Plani.
1037 2517 1144 2548 Poen.
1170 2516 1196 2556 I,
1222 2526 1254 2556 2,
1282 2514 1334 2546 .6.
1364 2514 1503 2546 Eodem

102 2573 304 2617 praesepia
331 2584 401 2605 esse
429 2574 630 2615 lupanaria,
664 2583 702 2606 ut
720 2586 775 2616 ap.
833 2574 1009 2605 referebat
1025 2572 1202 2605 Plathner.
1227 2572 1385 2615 bipedem
1407 2570 1506 2602 asel-

111 2629 184 2662 Cic.
226 2633 264 2662 iu
309 2630 376 2663 Pis.
411 2631 466 2663 18.
507 2640 540 2662 et
570 2630 694 2662 Claud.
740 2632 774 2661 in
833 2630 905 2662 lum
939 2632 1003 2662 ins.
1038 2629 1100 2670 IX,
1142 2641 1196 2674 92.
1258 2631 1374 2667 hiem„
1392 2631 1504 2660 arrisit

111 2686 255 2730 Eutrop.
281 2688 310 2726 I,
337 2687 390 2720 [¹8.
448 2687 506 2718 Sic
533 2690 636 2719 etiam
662 2684 773 2729 ([ῑάτνη
831 2689 970 2720 Dousae
1008 2686 1059 2728 (iu
1088 2687 1245 2719 Praemd.
1282 2688 1326 2720 ad
1363 2689 1504 2720 Petrou.

113 2755 155 2787 ap
189 2745 323 2777 Aeliau.
343 2754 377 2777 ez
397 2742 547 2777 stabula
577 2757 628 2787 ap.
650 2743 774 2776 claud.
834 2745 898 2785 lss,
922 2748 970 2787 8.)
997 2754 1029 2776 et
1049 2747 1149 2778 Hem.
