1686 3089
472 166 546 208 IN
595 163 835 207 IVVEN.
879 161 1023 203 SAT.
1059 163 1133 204 XI.
1411 159 1496 202 633

116 283 188 322 Sil.
223 281 256 332 I,
289 284 354 322 38.
388 288 430 320 et
463 283 558 331 VII,
588 281 783 332 4196)-
851 279 941 330 189.
973 279 1116 323 Pone,
1157 278 1340 331 depone,
1368 279 1499 318 abiice'

115 351 294 398 (animo)
336 351 522 396 domam,
576 348 813 387 domesticas
862 360 1000 395 curas,
1049 347 1117 385 vel
1157 361 1297 385 curam
1343 346 1499 398 domus,

116 432 323 456 servorum
360 424 435 456 cet.
476 432 527 456 ne
560 417 657 470 quid
688 415 811 454 hodie
843 411 1090 453 hilaritatem
1125 419 1235 454 tuam
1267 418 1406 456 turbet
1434 420 1504 458 vel

117 485 345 524 imminuat.
464 497 552 537 190.
582 485 741 522 sodales
752 505 765 527 ‚
797 482 960 529 amicos,
989 490 1085 520 ante
1105 485 1270 528 omnia,
1300 490 1512 538 tamquam

119 553 321 591 acriorem
333 566 494 590 curam.

239 633 310 672 191
347 634 450 672 seq.·
484 620 669 664 Interea,
700 618 797 660 dum
821 631 895 656 nos
921 618 1155 656 convivium
1174 618 1416 658 instruimus
1439 624 1509 663 vel

122 688 382 725 coenabimus
398 717 409 735 ‚
462 701 626 735 omnes,
677 692 880 739 quotquot
922 691 1040 734 sunt,
1085 686 1193 724 cives
1245 686 1508 730 Circensibus

121 754 416 792 detinebuntur
439 755 569 799 ludis,
584 754 706 792 unde
731 769 781 792 ne
806 753 969 807 quidem
993 754 1146 804 negotii
1174 754 1393 806 quidquam
1417 770 1512 796 cum

121 822 260 873 aliquo
283 822 482 874 perficere
505 835 636 874 eoque
657 822 828 860 liberius
851 822 968 872 genio
990 819 1113 859 hodie
1145 821 1359 873 indulgere
1390 830 1515 875 pote-

119 891 190 927 ris.
217 886 260 911 ⁴⁸
371 889 631 940 Megalesia,
659 889 747 928 ludi
781 889 993 926 Circenses
1027 888 1203 926 instituti
1235 889 1280 927 in
1312 890 1516 931 honorem

126 956 300 1008 Cybeles
315 987 326 1006 ,
353 967 455 1009 quae
480 970 622 1007 magna
645 957 781 995 Mater
803 955 941 993 Deum
964 961 1004 993 et
1027 969 1048 992 a
1078 956 1283 993 montibus
1312 957 1518 1009 Phrygiae

108 1024 203 1065 ,dea
242 1026 394 1068 Idaea,
434 1024 682 1074 Berecyntia
715 1029 757 1062 et
793 1022 1056 1072 Dindymene
1093 1021 1345 1060 dicebantur.
1385 1037 1424 1061 v.
1465 1024 1518 1064 ad

125 1093 202 1136 VI,
234 1093 300 1143 69.
327 1092 476 1142 Heyne
504 1089 554 1128 ad
583 1091 698 1141 Virg.
719 1092 822 1127 Aen.
845 1089 921 1136 IX,
945 1090 997 1127 80
1020 1102 1101 1141 seq.
1135 1096 1176 1126 et
1196 1090 1274 1139 617
1297 1104 1379 1142 seq.
1411 1092 1519 1142 Spe-

125 1160 292 1197 ctacula
307 1172 309 1176 ⁴
317 1173 391 1211 pro
415 1157 714 1210 spectatoribus
736 1157 869 1209 posita
888 1156 1054 1208 putabat
1079 1157 1231 1208 Grang.
1287 1157 1368 1196 Sed
1399 1166 1519 1210 poeta

126 1228 266 1280 potius
296 1228 408 1278 ipsos
438 1225 556 1263 ludos
591 1224 698 1263 dixit
729 1225 971 1275 spectacula
1001 1239 1181 1275 mappae
1211 1230 1252 1262 et
1276 1239 1351 1276 per
1374 1226 1523 1277 ἐπεξή-

126 1310 251 1348 γησιν
269 1295 440 1331 Idaeum
459 1293 632 1330 solenne.
694 1293 864 1343 Bffappa
879 1291 1004 1329 eloco
1022 1304 1146 1342 super
1158 1305 1342 1330 carceres
1354 1307 1520 1333 escenso

129 1362 266 1400 editor
297 1361 490 1400 ludorum
532 1361 583 1398 iis
633 1358 938 1397 committendis
985 1359 1278 1411 mittendisque
1317 1361 1524 1413 quadrigis

127 1430 287 1480 signum
320 1427 452 1466 dabat.
481 1425 524 1450 ⁴⁹
595 1428 661 1465 De
687 1427 823 1466 verbis
860 1426 1091 1476 similisque
1115 1427 1327 1478 triumpho
1348 1430 1524 1469 Praecla

132 1496 388 1534 caballorum
423 1497 604 1533 Praetor
642 1495 752 1532 sedet
779 1507 817 1530 v.
853 1491 903 1530 ad
934 1492 988 1540 X,
1021 1492 1074 1530 36
1108 1507 1189 1544 seq.
1217 1499 1258 1530 et
1279 1493 1454 1534 Excurs.
1474 1496 1526 1536 ad

132 1561 174 1602 h.
200 1564 227 1602 l.
256 1584 309 1592 —-
333 1577 469 1614 pace,
503 1571 595 1601 cum
626 1562 733 1599 bona
751 1561 890 1608 venia,
917 1562 1138 1597 immensae
1173 1565 1270 1609 cet.;
1300 1562 1446 1602 facete.

253 1631 331 1683 194
357 1644 438 1681 seq.
494 1630 562 1668 De
583 1630 724 1667 insana
747 1628 999 1666 Cirsensium
1021 1627 1335 1678 spectandorum
1362 1631 1527 1682 cupidi-

137 1704 245 1746 tate,
283 1711 363 1750 qua
392 1697 506 1748 plebs
540 1697 660 1734 Rom.
694 1695 912 1746 flagrabat,
954 1708 992 1732 v.
1021 1694 1071 1732 ad
1096 1695 1171 1742 ΙΙΙ,
1195 1696 1288 1733 223.
1318 1717 1374 1723 -——
1436 1700 1531 1749 195··

137 1767 324 1817 Fragor,
351 1763 608 1811 acclamatio,
636 1769 677 1800 et
698 1762 804 1812 inpr.
828 1761 992 1812 plausus
1019 1768 1295 1812 spectatorum
1317 1763 1385 1801 vel
1408 1766 1529 1804 audi-

135 1840 301 1880 torum,
331 1837 376 1869 ut
396 1845 457 1882 ap.
488 1830 663 1879 Quintil.
688 1829 806 1873 VIII,
831 1829 868 1866 3.
888 1842 948 1880 pr.
976 1835 1017 1866 et
1038 1829 1130 1867 Sen.
1154 1829 1205 1866 de
1236 1835 1387 1881 tranq...
1400 1845 1462 1870 an.
1492 1846 1528 1872 c.

141 1913 182 1941 2.
206 1901 279 1939 ubi
299 1913 338 1937 v.
365 1898 480 1949 Lips.
536 1898 732 1940 Percuti,
761 1898 881 1947 quati
892 1924 906 1941 ,
936 1896 1157 1941 verberari,
1173 1898 1320 1948 feriri,
1344 1900 1530 1949 pulsari,

147 1971 207 2006 ici
235 1967 431 2005 dicuntur
453 1979 576 2004 aures
599 1965 668 2003 vel
687 1964 775 2002 loca
789 1965 990 2016 fragore,
1015 1976 1130 2012 voce,
1162 1964 1352 2014 clamore,
1381 1980 1533 2007 rumo-

134 2037 260 2076 ·ribus
291 2040 366 2072 cet.
395 2031 432 2054 ⁵0
474 2053 531 2062 —-
622 2031 710 2084 196.
738 2031 807 2068 Ex
851 2045 929 2083 quo
962 2031 1126 2081 fragore
1156 2033 1308 2084 colligo
1346 2044 1536 2073 eventum

134 2102 336 2150 felicem,
365 2099 605 2145 victoriam,
633 2099 788 2138 viridis
806 2100 974 2151 panni,
1003 2098 1195 2137 factionis
1219 2101 1429 2152 prasinae,
1466 2103 1535 2142 cui

194 2256 252 2290 48.
276 2255 385 2288 Vetus
410 2254 529 2286 Schol.
556 2254 735 2295 „Interea
757 2253 816 2287 id-
872 2255 917 2287 tis
948 2253 1090 2287 exhibet
1124 2254 1260 2287 Ruben.
1295 2256 1331 2286 in
1367 2255 1478 2289 Elect.
1504 2266 1540 2290 et

139 2326 212 2356 ‘20,
260 2315 341 2356 quia
385 2312 605 2353 Megalesiaci
636 2312 816 2344 Circenses
875 2322 916 2344 ex
944 2323 985 2344 eo
1016 2312 1331 2346 PerranAnalect.
1360 2312 1403 2345 de
1427 2314 1467 2347 P..
1493 2316 1542 2350 V.

139 2381 231 2406 ‘ante
257 2373 369 2404 solem
391 2381 500 2412 prope
523 2368 777 2402 edehautnr.“=
875 2380 906 2401 c.
931 2369 990 2402 54.

198 2431 254 2475 49.
306 2427 362 2461 Cf.
398 2428 514 2469 intpp.
535 2425 632 2459 Suet.
655 2426 740 2459 Ner.
763 2438 819 2461 22.
921 2422 978 2458 50.
1001 2436 1033 2458 v.
1063 2423 1109 2457 ad
1135 2424 1163 2467 1,
1192 2424 1244 2459 15.
1265 2434 1299 2458 et
1319 2425 1363 2459 ad
1386 2426 1452 2460 Sil.
1474 2427 1539 2470 111,

156 2497 190 2521 et
226 2485 379 2519 Martial.
411 2483 489 2524 XII,
521 2494 577 2528 29,
607 2496 639 2528 9.
667 2483 818 2518 Termll.
876 2484 954 2529 694.
975 2483 1031 2524 IV,
1061 2495 1094 2527 7.
1121 2482 1241 2515 Burm.
1266 2480 1310 2514 ad
1336 2482 1414 2517 Val.
1432 2484 1487 2517 Fl.
1512 2486 1541 2526 1,

156 2545 200 2577 de
240 2550 386 2586 spectac.
426 2553 456 2574 c.
502 2542 555 2574 16.
597 2540 728 2583 scalig.
773 2541 820 2573 ad
875 2540 954 2584 745·
992 2540 1038 2581 II,
1071 2550 1127 2585 91.
1160 2539 1211 2582 V,
1245 2539 1324 2583 275.
1360 2540 1403 2574 'ad
1436 2541 1542 2576 Ovid.

159 2602 286 2635 Manil.
318 2598 472 2644 11,'·189.
505 2607 539 2630 et
564 2597 748 2641 Spalding.
775 2597 820 2630 ad
876 2599 969 2631 Ἐκεῖ.
1001 2596 1065 2638 111,
1109 2597 1189 2642 74¹·
1225 2606 1261 2629 et
1299 2594 1346 2632 aff
1384 2599 1541 2645 Quintil.

156 2657 308 2702 Quintil.
342 2657 427 2688 Inst.
460 2655 522 2688 Or.
554 2660 583 2697 Ι,
609 2653 640 2695 5,
663 2654 716 2698 55.
736 2655 820 2687 Sta-
876 2654 1044 2689 Declnm.
1068 2653 1146 2690 501.
1166 2665 1202 2702 p·
1220 2653 1300 2690 584.

162 2724 260 2750 tuam
286 2714 460 2750 Praetoris
480 2723 647 2758 mappam
671 2713 822 2746 mitten—
1271 2712 1305 2723 ””
