1686 3089
201 209 283 265 753
578 198 1190 255 ,COMMENTAmvs

207 321 440 373 Charybdi,
482 332 565 358 non
600 318 805 364 sabulosa,
843 315 1004 367 qualem
1037 313 1296 352 adumbravit
1325 311 1492 365 Ulysses
1524 327 1592 364 ap.

206 393 330 431 Hom.
358 389 385 427 l.
411 388 438 426 l.
556 386 686 424 abicit
711 380 923 437 doxai'uo'ig
949 388 990 420 et
1021 382 1144 420 metri
1181 393 1299 419 causa
1329 380 1482 418 dictum
1510 394 1588 432 pro

208 459 382 502 abiicit,
431 461 479 493 ut
517 455 667 506 passim
700 452 836 490 omnia
868 464 922 488 ex
944 452 1054 488 iaeio
1094 449 1341 501 composita,
1390 447 1599 507 subicere.

208 529 386 573 inicere,
428 522 614 565 adicere,
652 520 861 571 proicere,
905 520 1112 562 conicere,
1153 517 1331 561 obicere,
1359 514 1468 552 unde
1498 515 1599 564 obi-3

208 607 274 635 ces
312 598 354 631 et
398 591 568 628 subices.
601 586 636 608 ¹⁴
669 609 721 615 —-
814 586 873 622 18.
905 586 1226 637 Laestrygones,
1264 583 1377 621 serus
1407 581 1597 633 populus„

208 661 323 703 cuius
344 671 459 709 reges
483 657 635 694 Lamus
657 659 699 690 et
719 651 962 703 Antiphates
986 652 1104 690 suere
1128 664 1172 688 ac
1197 651 1332 702 prisca
1355 649 1470 687 sedes
1484 649 1592 686 For-

206 729 324 776 miae,
352 740 445 777 opp.
471 722 583 761 Latii
603 724 646 758 in
668 721 815 759 finibus
842 719 1101 770 Campaniae,
1128 717 1382 767 (hod.Mola‚
1406 718 1448 754 in
1464 716 1597 754 Terra

208 795 252 836 di
283 793 477 838 Lavoro)
520 802 651 840 prope
684 788 865 826 Caietam
897 786 1025 839 (nunc
1054 785 1204 838 Gaetu)
1232 788 1277 824 in
1304 786 1452 823 intimo
1482 783 1594 820 sinus

209 861 394 902 Caietani
422 874 452 896 s,
481 856 691 896 Formiani
722 868 896 893 recessu.
927 851 960 875 ¹⁵
1074 855 1268 905 Cyclopes
1305 854 1396 891 sera
1431 850 1596 900 Siciliae

209 943 330 982 gens,
369 939 491 979 quac,
527 937 654 974 aeque
696 937 741 960 ac
771 923 1099 973 Laestrygoan
1137 935 1257 959 carne
1283 920 1459 968 humana
1487 917 1600 955 vesci

209 996 378 1036 solebat.
408 990 445 1012 ¹⁶
530 991 780 1029 Notissimus
819 1003 962 1027 eorum
992 988 1302 1040 Polyphemus,
1338 988 1409 1039 qui
1436 985 1599 1037 Ulyssis

213 1063 346 1103 socios
388 1059 606 1097 devorasse
647 1057 809 1095 dicitur.
881 1056 946 1094 Cs.
989 1057 1039 1094 ad
1081 1056 1161 1114 IX?
1214 1056 1279 1094 64.
1317 1056 1381 1094 65.
1409 1075 1464 1084 -—
1536 1066 1598 1104 19.

211 1131 350 1181 Scylla
388 1140 512 1178 rupes
549 1126 599 1164 ad
633 1125 730 1163 litus
764 1124 931 1173 Italiae,
971 1137 1114 1162 versus
1145 1124 1376 1175 Scyllaeum
1398 1136 1503 1174 opp„
1534 1120 1602 1158 cui

211 1198 388 1236 humana
420 1195 532 1233 sorte
575 1193 673 1230 oiim
705 1193 839 1230 forma
866 1192 960 1230 suit.
991 1190 1026 1214 ²⁷
1145 1193 1279 1230 Citius
1305 1191 1485 1241 Scyllam
1513 1203 1603 1228 cre-

213 1265 392 1303 diderim
410 1268 487 1299 cet.
523 1273 562 1298 v.
585 1259 636 1298 ad
656 1260 711 1308 X,
732 1271 826 1299 220.
856 1280 912 1286 -—
972 1270 1037 1298 20.
1065 1261 1278 1310 Cyaneae,
1311 1253 1497 1299 Κυάνὲαι
1516 1256 1601 1295 scil.

214 1332 389 1383 πέτραι,
428 1335 568 1380 petrae
605 1341 635 1365 s,
671 1333 831 1375 cautes,
874 1326 976 1364 duae
1008 1327 1165 1365 insulae
1201 1327 1271 1365 vel
1303 1326 1440 1378 potius
1467 1331 1605 1371 cautes

213 1399 288 1438 sub
310 1399 535 1446 ingressum
556 1395 680 1433 Ponti
704 1395 862 1433 Euxini
886 1409 915 1433 s.
941 1394 1114 1447 Bospori
1150 1393 1339 1442 Thracii,
1370 1408 1392 1431 a
1414 1394 1603 1435 caeruleo

215 1465 284 1504 vel
303 1464 427 1502 maris
450 1463 588 1500 colore
609 1463 666 1499 sic
687 1463 935 1513 appellatae,
974 1469 1032 1507 (v.
1057 1461 1190 1500 Schol.
1226 1461 1418 1513 Apollon.
1447 1461 1499 1498 ad
1531 1461 1605 1499 lib.

215 1533 271 1581 II,
310 1526 424 1581 318.)
458 1542 561 1580 quae
597 1530 694 1566 olim
728 1542 812 1566 non
847 1529 935 1566 sine
958 1529 1143 1580 periculo
1171 1531 1466 1566 transeuntium
1496 1528 1606 1566 inter

220 1615 263 1638 se
287 1598 539 1637 concurrisse
559 1594 772 1643 seruntur,
803 1594 935 1645 (unde
954 1601 996 1633 et
1023 1596 1257 1648 Πλαγκταὶ,
1288 1609 1432 1646 vagae,
1461 1609 1607 1634 erran-

218 1676 302 1715 tes,
342 1658 640 1716 Συμπληγάδες
669 1668 711 1699 et
745 1660 1034 1714 Συνὸρομάδες
1059 1661 1222 1712 dictae)
1249 1661 1321 1700 sed
1358 1663 1607 1714 Argonautis

221 1731 484 1783 transgressis
521 1729 752 1767 immobiles
795 1731 969 1767 stetisse.
1023 1729 1246 1781 (Apollon.
1292 1729 1348 1775 II,
1394 1730 1474 1781 309
1524 1744 1607 1784 seq.

221 1803 297 1842 551
318 1795 497 1849 -61ο.)
533 1796 735 1835 Fabulosa
769 1798 950 1835 narratio
996 1797 1048 1835 de
1092 1810 1294 1843 concursu
1337 1810 1476 1836 earum
1507 1798 1606 1839 inde

221 1875 332 1916 orta,
368 1864 478 1918 quod
500 1869 581 1901 tam
608 1877 737 1915 parvo
769 1861 877 1917 (XX
907 1860 1149 1917 stadiorum)
1180 1863 1378 1903 discretae
1399 1873 1516 1906 erant
1538 1867 1605 1906 in-

221 1935 420 1982 tervallo,
449 1938 517 1979 ut,
545 1931 805 1982 potissimum
828 1932 902 1981 iis,
924 1932 994 1984 qui
1017 1932 1175 1970 eminus
1211 1945 1275 1969 eas
1311 1935 1606 1989 conspicerent,

225 2014 473 2041 concurrere
497 2000 610 2050 quasi
635 2000 745 2037 inter
775 2013 818 2037 se
846 2005 916 2037 aut
939 1998 1079 2037 collidi
1099 1998 1359 2049 viderentur,
1397 1999 1450 2054 (v.
1477 2002 1610 2041 strab.

223 2110 326 2143 sicil.
351 2116 422 2140 ant.
443 2107 470 2147 I,
499 2106 533 2139 5.
574 2106 694 2152 Heyne
723 2107 767 2140 ad
791 2106 889 2150 Virg.
946 2106 1010 2147 III,
1026 2107 1028 2109 ’
1044 2104 1097 2146 16,
1115 2105 1170 2139 54.
1197 2116 1247 2150 17,
1274 2116 1288 2138 1
1307 2120 1396 2153 —9.
1422 2107 1542 2155 Heyne
1561 2109 1609 2144 ad

224 2168 311 2201 Aen.
341 2166 403 2206 111,
433 2165 497 2196 240
528 2175 600 2207 seq.
623 2174 656 2196 et
676 2164 890 2197 Heri-manni
947 2164 1084 2196 T1bull.
1114 2164 1178 2205 IV,
1216 2176 1243 2205 1,
1271 2165 1326 2210 59.
1353 2173 1387 2198 et
1413 2167 1503 2210 inpr.
1524 2167 1609 2201 Exc-

224 2224 377 2269 M3thol.
399 2222 441 2253 Τ.
462 2222 491 2253 Ι.
508 2231 542 2263 p.
562 2220 641 2263 574.
947 2219 976 2253 Ῑ.
998 2220 1042 2252 ad
1061 2221 1161 2263 Virg.
1179 2221 1266 2253 Aen.
1286 2222 1368 2255 VII.
1610 2265 1611 2268 Ἰ

281 2281 332 2312 14.
363 2290 394 2310 v.
431 2279 543 2320 intpp.
572 2279 642 2311 loci
669 2280 766 2311 class.
791 2278 890 2310 Gen.
997 2279 1048 2310 16.
1075 2289 1106 2309 v.
1133 2279 1225 2312 Plin.
1256 2278 1331 2323 Vll,
1360 2291 1393 2313 2.
1421 2287 1455 2313 et
1487 2281 1609 2325 Heyue

227 2337 289 2377 IV,
318 2347 368 2378 ¹7·
404 2333 588 2378 Spalding.
613 2334 658 2367 ad
683 2336 837 2379 Quintil.
861 2337 889 2378 J,
947 2333 992 2367 ad
1022 2334 1120 2378 Virg.
1148 2335 1237 2369 Aen.
1282 2336 1312 2379 1,
1353 2349 1434 2374 201.
1470 2347 1504 2372 et
1548 2339 1601 2373 111

226 2396 260 2433 4,
302 2404 353 2426 11.
388 2390 579 2424 Broeklnu„
618 2401 651 2424 et
682 2393 802 2438 Heyne
847 2393 891 2425 ad
947 2390 1013 2424 58),
1034 2402 1107 2434 seq.

228 2449 368 2484 Tibull,
408 2450 436 2490 1,
465 2450 498 2489 8,
534 2449 597 2494 (9,)
634 2450 691 2482 54.
726 2448 891 2482 Munker.
999 2462 1050 2494 17.
1101 2448 1156 2483 Cf.
1208 2451 1315 2484 Hom.
1365 2452 1491 2498 Odyss.
1528 2450 1613 2493 XII,

230 2507 273 2536 ad
294 2506 459 2548 Fulgent.
477 2506 521 2547 ll,
539 2517 573 2539 4.
603 2507 667 2548 111,
699 2506 732 2540 6.
760 2505 892 2540 Duker.
950 2507 1138 2552 75-100,
1177 2506 1318 2541 Cluveri
1354 2508 1454 2542 sicil.
1482 2517 1554 2542 ant.
1581 2510 1610 2552 I,

235 2563 278 2593 nd
300 2563 447 2603 F101·.1,
470 2574 520 2601 10,
542 2561 575 2595 5.
949 2563 981 2597 5.
1027 2564 1148 2609 Heyne
1189 2564 1233 2597 ad
1279 2564 1377 2608 Virg.
1419 2566 1507 2598 Aen.
1547 2556 1612 2609 111.

281 2618 332 2650 15.
360 2630 390 2650 v.
411 2619 602 2662 Spanhem.
624 2618 666 2651 ad
687 2618 830 2653 Gallim.
848 2619 892 2653 H.
948 2622 1017 2654 420
1034 2634 1106 2664 seq.
1133 2631 1166 2654 et
1184 2622 1608 2667 HerrmanniMytbol.'I'r

234 2677 270 2709 in
292 2675 395 2706 Dian.
417 2675 472 2717 67.
497 2676 659 2710 Fazenus
681 2689 748 2709 rer.
780 2679 892 2712 sicul.
949 2679 976 2713 1.
995 2691 1036 2726 p.
1056 2679 1134 2724 575.
1157 2678 1234 2723 574.
1442 2671 1444 2673 ¹

234 2735 260 2776 Ι,
296 2743 328 2766 2.
363 2731 556 2766 Mitscherl.
581 2733 625 2766 nd
669 2734 792 2769 Horat.
820 2734 892 2769 od.

1602 2364 1614 2385 θ
