1686 3089
387 195 464 236 IN
508 193 747 235 IVVEN.
797 193 941 235 SAT.
971 193 1066 235 XV.
1356 202 1436 261 759

48 309 124 348 111.
151 324 185 361 p.
202 311 304 362 ⁷149.
337 316 378 348 et
419 310 512 359 VH.
546 323 584 362 p.
606 309 722 361 319.)
748 309 815 348 vel
840 315 885 347 ut
907 322 961 347 ex
982 310 1150 351 adverso
1181 314 1432 357 intrantibus·
1469 352 1474 356 .

50 379 234 427 geminae
271 386 538 416 cernerentur
577 379 824 430 paulumque
867 376 1025 415 deflexa
1068 380 1153 418 acie
1195 386 1430 425 coeuntium

47 445 228 495 speciem
253 442 630 497 praebe1·ent;'(it:-1
659 445 760 482 Plin.
789 445 861 493 IV,
893 445 954 483 13.
976 460 1005 482 s,
1032 447 1120 496 27.)
1152 450 1217 486 vel
1242 450 1430 505 denique,

46 512 155 563 quod
196 513 296 550 situs
342 527 480 551 earum
511 515 584 551 sub
613 513 880 564 navigationis
906 527 981 564 per
1007 514 1185 553 Pontum
1216 518 1429 559 Euxinum

44 579 164 618 initia
205 583 387 619 incertus
425 580 675 629 habebatur,
716 582 772 618 ita
797 587 843 618 ut
871 594 1010 618 errare
1039 594 1114 632 per
1142 596 1253 621 mare
1283 588 1430 625 crede-

43 654 202 689 rentur.
236 647 371 699 (Quae
402 655 463 686 est
492 650 692 686 sententia
722 649 877 699 Heynii
902 648 951 686 ad
972 648 1163 700 Apollod.
1199 652 1228 698 l,
1271 666 1306 703 9.
1339 657 1432 702 ¹22.)-

42 715 105 752 Ita
128 716 247 753 etiam
272 716 598 766 Argonautarum
624 717 881 767 navigatione
906 717 1133 754 immobiles
1161 724 1230 755 aut
1268 722 1428 759 stabiles

42 782 175 820 sactae
206 783 477 833 perhibentur
508 790 751 834 propterea,
795 783 904 835 quod
926 784 996 821 illa
1020 798 1141 822 verus
1166 800 1301 824 earum
1329 790 1430 827 situs

40 862 219 902 veraque
258 851 417 888 indoles
438 852 641 896 innotuit,
683 858 725 888 et
745 852 980 889 transituris
1000 858 1140 902 postea
1162 861 1291 891 metus
1315 858 1430 906 peri-

42 918 126 955 culi
157 918 339 956 ademtus
370 924 443 955 est.
500 918 672 966 „Hodie
711 919 798 957 illas
831 919 975 970 vulgus
1024 925 1144 956 vocat
1182 923 1428 964 Pammaste:

43 983 254 1023 Thevetus
277 986 398 1023 etiam
418 992 607 1029 testatur,
633 999 697 1022 eas
711 985 899 1023 Barbaris
917 986 998 1023 dici
1018 987 1255 1031 [strenze-cf‘
1277 989 1435 1042 Grangg·

42 1053 176 1092 Vetus
207 1052 343 1091 Sehol.
386 1053 511 1103 (nam
551 1053 701 1104 reliqui
740 1054 984 1103 interpretes
1013 1054 1057 1091 id
1099 1055 1265 1094 tacitum
1300 1059 1429 1097 relin-

44 1126 176 1173 quunt
227 1121 388 1172 quaerit
415 1120 454 1158 h.
478 1121 504 1158 ],
533 1119 757 1172 „numquid
789 1127 828 1157 et
847 1120 896 1157 ad
920 1120 1018 1158 haec
1040 1135 1138 1159 saxa
1169 1122 1328 1174 Ulyxes
1361 1140 1431 1164 ac-

42 1189 229 1226 cessit?“
297 1187 378 1226 Sed
413 1188 521 1225 cons.
553 1189 673 1230 Hom.
717 1187 862 1238 Odyss.
901 1188 999 1234 XII,
1028 1190 1078 1226 55
1105 1203 1186 1240 seq.
1223 1192 1294 1228 ubi
1317 1191 1427 1243 Cya-

39 1269 140 1294 neae
173 1255 308 1307 petra'e
342 1270 370 1293 s.
409 1257 623 1309 Πλαγκταὶ
659 1270 739 1294 non
769 1257 811 1292 in
844 1256 1035 1302 Euxino,
1072 1256 1143 1294 sed
1165 1257 1303 1296 Siculo
1327 1262 1441 1299 mari

44 1324 300 1362 collocantur
315 1353 324 1371 ,
353 1329 397 1361 et
420 1322 588 1374 Ulysses
607 1324 782 1361 Alcinoo
802 1329 962 1370 narrat,
991 1323 1139 1362 Circen
1161 1327 1355 1371 suasisse,
1383 1334 1438 1366 ut*

40 1406 126 1430 non
151 1405 225 1443 per
249 1392 462 1437 Planctus,
494 1390 563 1428 sed
590 1405 662 1443 per
688 1391 864 1441 Scyllam
888 1397 928 1428 et
951 1390 1213 1442 Charybdim,
1244 1400 1291 1431 ut
1319 1396 1429 1434 viam

39 1460 173 1498 minus
188 1459 459 1510 periculosam
480 1459 572 1496 iret.
630 1459 695 1496 De
715 1460 852 1496 verbis
874 1460 1163 1496 concurrentia
1188 1473 1292 1497 saxa
1319 1463 1428 1512 Cya-

40 1541 141 1564 neas·
183 1539 221 1564 v.
244 1527 358 1571 N'al‘.
397 1526 513 1562 Loct.
629 1536 693 1563 20.
726 1525 793 1562 Ex
826 1525 950 1561 Hom.
988 1523 1134 1574 Odyss.
1166 1526 1220 1574 X,
1258 1540 1276 1566 1
1296 1531 1427 1579 -75,

37 1601 136 1632 nota
172 1599 232 1630 est
267 1592 406 1630 sabula
437 1592 488 1630 de
520 1593 676 1641 ventis,
722 1593 793 1644 qui
828 1592 990 1628 mribus
1035 1592 1184 1629 inclusi
1217 1594 1265 1631 ab
1297 1595 1429 1635 Aeolo

41 1661 127 1699 dati
160 1661 242 1697 sint
270 1659 409 1710 Ulyssi
439 1661 701 1708 navigaturo,
733 1664 774 1695 et
801 1665 1016 1709 postquam
1046 1657 1169 1696 huius
1196 1661 1296 1697 socii
1315 1665 1444 1702 utres

45 1726 303 1781 aperuerint,
333 1727 412 1763 rati
437 1726 547 1763 aliud
572 1725 681 1763 intus
705 1726 846 1773 latere,
874 1725 999 1762 soluti
1021 1731 1202 1764 atrocem
1226 1730 1433 1769 moverint

38 1801 341 1847 tempestatem:
381 1793 493 1831 unde
526 1799 569 1830 et
597 1798 720 1843 poeta
758 1793 860 1829 bene
906 1801 1168 1843 tempestates
1202 1793 1309 1832 dixit
1348 1810 1427 1847 pro

38 1864 193 1911 ventis,
247 1874 387 1900 earum
432 1860 574 1898 causis.
655 1858 720 1896 Cf.
768 1860 915 1910 Heyne
960 1860 1004 1897 in
1035 1859 1137 1896 Exc.
1169 1860 1200 1898 I.
1230 1860 1279 1898 ad
1312 1864 1428 1915 Virg.

37 1933 142 1972 Aen.
172 1930 204 1968 I.
232 1951 287 1959 —
346 1939 411 1967 21.
442 1940 507 1966 22.
536 1928 652 1965 Circe
676 1927 831 1965 famosa
866 1926 1074 1976 venefica,
1114 1927 1229 1965 cuius
1267 1929 1430 1969 sedes-a

37 1999 171 2054 poetis
205 2010 260 2035 ex
291 1997 398 2043 Aea,
439 1994 687 2033 Colchorum
721 1995 846 2043 urbe,
885 1994 1078 2049 translata
1103 2000 1164 2032 est
1192 1997 1235 2032 in
1253 1995 1432 2037 Aeaeam
1476 1998 1478 2005 “

40 2069 117 2106 ins.
146 2067 233 2104 sive
262 2063 445 2102 Circeios
465 2076 595 2114 prom.
620 2062 752 2110 Latii,
794 2062 865 2100 ubi
884 2062 1075 2114 Ulyssem
1111 2063 1320 2113 excepisse
1348 2063 1432 2102 ho-

40 2135 164 2186 spitio
194 2138 235 2170 et
264 2133 476 2182 Elpenora
505 2144 598 2168 cnm
643 2130 753 2167 XXI
795 2129 883 2168 aliis
924 2129 1152 2180 remigibus
1194 2130 1262 2168 vel
1308 2132 1433 2171 sociis

44 2203 133 2239 eius
187 2201 304 2238 zenas
346 2198 506 2236 verbere
545 2197 684 2247 virgae
722 2211 937 2248 pereussos
975 2192 1135 2251 (ῥάβδῳ
1179 2199 1431 2250 πεπληγυῖα)

40 2274 218 2307 mutasse
248 2267 293 2303 in
320 2279 491 2316 por-003,
531 2278 630 2302 mox
657 2277 758 2302 vero
795 2263 1007 2303 veneficiis
1037 2264 1248 2316 pristinae.
1268 2265 1429 2306 formae

38 2334 272 2375 restituisse
312 2332 489 2370 dicitur:
540 2345 622 2383 quo
667 2332 806 2384 mytho
835 2332 1097 2383 voluptatum
1125 2330 1188 2369 vis
1217 2329 1268 2367 ad
1296 2345 1433 2371 mores

41 2402 200 2442 ferinos
238 2399 472 2438 hominibus
511 2398 739 2436 induendos
779 2405 820 2436 et
846 2399 1017 2436 rationis
1043 2397 1093 2435 ad
1126 2396 1292 2436 eosdem
1322 2412 1432 2438 exu-

42 2468 169 2508 endos
206 2466 446 2505 declaratur.
475 2462 509 2487 ¹⁸
630 2467 842 2516 Elpenora
878 2466 1005 2504 fuisse
1034 2479 1055 2502 e
1096 2464 1216 2502 sociis
1257 2464 1432 2517 Ulyssis,

41 2539 88 2574 in
117 2548 207 2572 sues
237 2536 427 2579 mutatis,
458 2547 542 2572 non
571 2540 728 2572 constat
764 2547 818 2571 ex
847 2534 1056 2581 Homero,
1085 2532 1156 2584 qui
1183 2538 1321 2572 tamen
1350 2535 1431 2574 alia

44 2603 96 2640 de
122 2616 169 2646 eo
199 2602 331 2640 refert
357 2600 502 2652 Odyss.
527 2619 564 2650 κ,
597 2601 676 2639 552
704 2615 785 2653 seq.
815 2607 857 2639 et
886 2604 921 2650 λ,
944 2601 993 2638 51
1013 2600 1142 2638 -80.
1191 2598 1431 2651 Grangaeus

94 2689 147 2722 18.
219 2687 274 2721 Cf.
332 2688 437 2719 Hom.
476 2675 621 2731 'Odyss.
679 2699 709 2726 n,
766 2688 868 2729 Virg.
914 2686 1004 2719 Aen.
1046 2685 1124 2719 Vll.
1153 2691 1187 2716 et
1217 2684 1432 2720 Herrmsumi

48 2744 110 2779 255
132 2765 175 2772 -
193 2745 272 2782 458.
308 2739 428 2789 Heyne
469 2744 554 2780 Exn.
590 2745 620 2780 1.
665 2745 710 2777 ad
766 2743 916 2788 Mythol.
939 2746 979 2776 Τ.
997 2744 1025 2776 Ι.
1045 2755 1082 2787 p.
1104 2742 1269 2789 572‘2mq.

733 2798 735 2803 ’
900 2803 938 2842 Α
957 2817 977 2842 a
994 2817 1015 2843 a
1045 2814 1069 2842 2
