1686 3089
217 230 294 274 132
621 226 1193 268 COMMENTARIVS

214 344 340 396 primi
363 343 527 382 trullam
548 341 826 381 exhaurientis
851 347 892 378 et
914 341 1155 378 labellorum
1190 341 1348 391 crepitu
1377 341 1420 378 id
1442 347 1596 378 testan-

215 412 281 449 tis.
325 412 410 449 Alii
439 411 526 448 11.1.
558 412 619 462 agi
647 416 790 462 putant
810 408 859 445 de
878 407 1038 445 ludicro
1064 407 1331 455 cottaborum‚
1361 406 1598 459 (κοττάβῳ)

218 492 299 529 quo
323 466 393 526 id,
443 477 552 529 quod
583 491 606 514 a
639 483 741 528 potu
765 476 968 526 reliquum
1003 480 1090 512 erat
1120 475 1163 511 in
1185 475 1359 525 poculo,
1395 470 1595 531 (ἀγκύλῃ)

215 547 274 583 ita
307 546 351 583 in
390 545 516 582 altum
557 544 801 589 iaciebatur,
853 548 900 579 ut
933 543 978 579 in
1009 555 1144 579 aereas
1173 541 1338 578 caderet
1368 541 1521 593 phialas
1556 548 1597 580 et

213 613 410 663 strepitus
442 608 605 662 (λάταξ)
637 610 841 648 ederetur.
864 605 907 626 ²²
1024 610 1207 646 'bullam
1237 623 1408 646 auream
1434 608 1598 660 quidam

214 678 265 717 de
290 680 434 728 calice,
478 693 499 716 e
521 691 644 716 manu
676 676 815 715 divitis
844 676 1014 715 cadente
1035 689 1262 727 sonumque
1294 676 1425 723 dante,
1460 675 1596 726 expli-

215 746 379 793 cabant,
417 753 519 784 teste
540 744 673 783 Schol.
698 751 778 782 vet.
802 745 953 782 rectius
974 757 1073 781 vero
1093 742 1159 780 hic
1180 749 1220 780 et
1238 743 1306 780 alii
1327 742 1378 780 de
1408 743 1544 780 lasano
1567 755 1597 779 s.

215 813 313 851 sella
335 813 594 860 samiliarica,
633 813 675 848 in
707 825 826 863 quam
854 812 1022 863 flendus
1057 813 1312 854 invertatur,
1353 809 1490 847 sordes
1516 809 1597 846 alvi

213 894 307 917 cum
336 883 495 931 crepitu
515 880 671 917 ventris
690 879 981 927 immittantur,
1022 879 1089 916 vel
1114 877 1164 914 de
1183 878 1270 928 ipso
1298 877 1472 914 divitum
1493 890 1598 914 ven-

212 953 278 984 tre
305 950 504 998 erepilum
527 946 692 990 edente,
725 947 867 997 fundo
893 948 1073 993 inverso,
1113 945 1152 982 h.
1188 959 1220 982 e.
1248 958 1318 982 ore
1343 945 1429 981 eius
1454 957 1483 980 s.
1519 957 1596 982 ano

211 1014 294 1052 ima
311 1021 538 1066 spectante;
579 1012 817 1063 metaphora
834 1014 961 1065 petita
983 1026 1006 1050 a
1029 1026 1142 1060 vase,
1191 1011 1297 1064 quod
1324 1011 1498 1049 fundum
1531 1012 1596 1047 in-

209 1094 376 1119 versum
406 1079 578 1124 habeat,
630 1094 754 1132 quum
801 1094 844 1117 os
883 1085 1039 1131 spectet
1079 1080 1180 1126 ima,
1231 1079 1301 1115 sed
1335 1079 1383 1115 ad
1420 1078 1596 1116 fundum

212 1148 413 1186 sublimia.
473 1148 622 1185 Omnia
644 1148 782 1184 saltem
804 1147 907 1184 bene
930 1147 988 1184 ita
1010 1144 1250 1183 cohaerent:
1292 1145 1473 1183 Graecus
1497 1157 1598 1196 qua-·

210 1216 273 1252 vis
293 1215 506 1252 occasione
530 1214 669 1251 laudat
693 1215 887 1261 amicum,
928 1213 961 1251 si
984 1213 1051 1250 vel
1078 1214 1179 1250 bene
1201 1214 1403 1262 ructavit,
1433 1215 1595 1260 minxit,

208 1281 388 1332 pepedit.
419 1282 627 1318 Firmatur
650 1282 770 1318 etiam
792 1280 890 1318 haec
909 1282 1193 1331 interpretatio
1211 1281 1347 1319 verbis
1379 1281 1595 1318 simillimis

208 1348 387 1386 Diodori
425 1349 662 1398 Sinopensis
701 1362 761 1399 ap.
790 1347 943 1385 Athen.
983 1348 1056 1395 VI,
1093 1361 1129 1399 9.
1162 1349 1273 1398 (36.)
1304 1362 1341 1399 p.
1370 1351 1463 1401 239.
1494 1346 1596 1390 Εἶθ’

207 1410 377 1466 ὕστερον
407 1411 478 1455 τόν
504 1411 713 1467 Ἠρακλέα
743 1412 994 1467 μιμούμενοι
1023 1413 1113 1454 Τῶν
1143 1411 1329 1465 εὐπόρων
1356 1417 1484 1466 τινὲς,
1513 1434 1596 1457 πα-

208 1484 402 1535 ρασίτους
431 1477 617 1533 ἑλόμενοι
643 1482 831 1533 Τρὲᾳειν,
859 1479 1119 1534 παρεκάλουν
1138 1480 1229 1537 ου’χῖ
1253 1479 1346 1530 τούς
1371 1485 1596 1538 χαριεστά-

205 1564 302 1595 τους
329 1543 623 1602 εΕκλεγόμενοιι,
650 1545 747 1596 τούς
770 1551 812 1589 δὲ
837 1545 1073 1590 κολακεύειν
1102 1550 1351 1601 δυναμένους·
1369 1555 1454 1593 Καὶ
1479 1549 1597 1593 πάντ’

210 1617 404 1658 ἐπαινεῖν.
436 1617 497 1663 οἶς
524 1612 665 1669 ἐπειδή
693 1615 957 1670 προςερύγοι,
983 1611 1223 1667 Ῥαᾳανίὸα
1250 1620 1319 1658 καὶ
1339 1616 1499 1670 σαπρόν
1531 1623 1596 1661 σι’-

207 1687 357 1737 λουρον
388 1679 660 1737 καταφαγών,
712 1681 782 1725 ”Ia
820 1686 890 1726 καῖ
915 1679 1001 1739 ῥόδ’
1024 1683 1186 1736 ἔφασαν
1224 1680 1350 1726 αὐτόν
1375 1683 1595 1741 ἠριστηκέ-

207 1767 292 1792 ναι.
336 1746 438 1790 ’Edu
476 1745 509 1790 δ’
538 1746 759 1808 α’ποποῖρὸῃ
798 1748 900 1803 μετά
935 1767 1045 1798 τινος
1082 1754 1394 1806 κατακείμενος,
1453 1754 1592 1810 Τούτῳ

207 1814 428 1870 προςοῖγων
454 1813 528 1867 τήν
557 1821 648 1874 ῥῖνα
677 1814 769 1869 θεῖτ’
795 1815 905 1871 αὐτῷ’
934 1814 1110 1870 φράσαι,
1147 1817 1296 1862 Πόθεν
1325 1818 1372 1863 td
1398 1825 1594 1877 θυμίαμα

206 1883 331 1925 τοῦτο
375 1881 622 1937 Aufidum
691 1887 757 1924 De
809 1887 994 1938 parasitis
1043 1895 1176 1926 autem
1224 1895 1266 1927 et
1315 1890 1592 1931 adulatoribus

204 1952 368 2003 prolixe
394 1954 476 2002 agit
508 1953 656 1991 Athen.
696 1954 769 2001 VI,
791 1955 812 1991 5
829 1975 880 1982 —
901 1956 961 1992 18.
998 1952 1230 2006 (26—80.)

324 2032 411 2070 109.
441 2020 553 2057 nihil
572 2030 762 2058 sanc-tum
799 2029 839 2060 et
876 2023 1106 2061 venerabile
1137 2034 1196 2061 est
1231 2024 1400 2064 Graecis
1435 2042 1479 2066 ac
1501 2028 1590 2068 Ro-

206 2085 346 2122 manis.
462 2089 662 2138 inguine,
704 2089 887 2126 libidine.
1002 2091 1130 2134 laris,
1173 2091 1339 2142 domus,
1385 2105 1588 2140 matrona,

205 2152 522 2190 materfamilias.
638 2157 786 2205 Levis,
821 2157 949 2204 λεῖος,
988 2159 1156 2208 proprie
1189 2160 1367 2211 politus,
1406 2175 1493 2200 non
1525 2177 1590 2201 as—

203 2232 282 2269 per
301 2225 436 2267 tactu;
473 2220 569 2257 hinc
590 2227 735 2266 tener,
777 2223 928 2271 mollis,
966 2224 1172 2264 imberbis,
1298 2242 1385 2267 112.
1425 2230 1468 2268 Si
1490 2232 1592 2269 tales

204 2298 286 2322 non
314 2287 459 2325 adsunt
482 2286 666 2325 homines
693 2289 736 2326 in
759 2290 879 2328 domo
912 2292 1029 2328 amici
1064 2291 1245 2342 ditioris,
1280 2309 1354 2333 nec
1378 2299 1588 2351 quisquam

203 2352 304 2390 alins
328 2355 554 2405 reperitur,
593 2356 659 2393 cui
678 2363 863 2407 stuprum
888 2358 1045 2395 inferre
1068 2361 1216 2409 possit,
1259 2366 1381 2401 avias
1411 2379 1483 2403 seu
1513 2381 1588 2405 ve-

205 2420 307 2456 tulas
329 2425 570 2472 resupinat,
612 2422 650 2460 h.
673 2437 706 2460 e.
738 2438 829 2462 cum
853 2425 902 2461 iis
932 2428 1176 2465 concumbit.
1232 2428 1295 2467 Cs.
1320 2433 1393 2480 VI,
1429 2434 1517 2472 126.
1546 2443 1588 2474 et

202 2486 318 2534 VIII,
351 2489 437 2536 176.
463 2512 514 2520 -—
566 2492 653 2528 115.
683 2491 786 2530 Cum
821 2492 1080 2541 mulieribus,
1122 2509 1224 2547 quae
1254 2497 1298 2536 in
1328 2498 1449 2538 domo
1481 2511 1586 2552 sunt,

204 2554 326 2593 etiam
350 2557 520 2606 vetulis,
560 2572 648 2596 rem
678 2557 830 2597 habent
851 2560 1000 2598 Graeci
1032 2567 1075 2598 ct
1105 2577 1360 2618 quocumque
1390 2569 1512 2609 modo
1539 2567 1587 2610 1²11>

210 2744 212 2747 Υ
250 2696 304 2718 22.
323 2698 353 2719 v.
379 2689 509 2721 Potteri
528 2677 711 2724 Archaeol.
739 2690 801 2723 Gr.
823 2691 867 2732 II,
924 2691 1052 2724 Athen.
1078 2692 1139 2734 XI,
1173 2706 1228 2728 22.
1261 2695 1316 2730 58.
1350 2700 1401 2744 75.
1443 2710 1476 2734 et
1508 2702 1581 2742 XV,

208 2762 230 2784 ι,
258 2756 311 2777 221.
362 2744 489 2779 Pollux
517 2747 572 2789 Vl,
615 2761 663 2793 ¹)-
701 2757 733 2779 et
773 2750 864 2793 impr.
922 2761 1042 2794 2-7-
1068 2763 1100 2794 p.
1126 2751 1191 2786 666
1214 2765 1287 2797 seq.
