1686 3089
452 157 529 199 IN
575 157 810 199 IVVEN.
857 156 991 197 sAT.
1033 158 1151 199 xm.
1432 162 1515 220 679

119 269 248 315 fuisse
277 272 575 326 simulacraque
610 287 665 313 ex
696 287 795 312 auro
816 273 884 312 vel
907 280 1076 324 argento
1101 275 1300 316 fabricata
1333 283 1373 316 et
1399 282 1508 317 tem-—

116 342 198 394 plis
219 341 400 381 detracta
423 342 676 391 conflavisse‚
708 343 817 381 Suet.
850 356 882 380 c.
910 342 976 380 32.
1003 343 1068 380 38.
1100 349 1143 380 et
1166 344 1235 382 alii
1254 346 1507 395 memorant)

119 415 195 447 aut
217 410 340 448 alium
365 411 461 449 satis
483 417 629 449 notum
650 411 722 448 illa
743 415 885 448 aetate.
968 411 1057 449 152.
1088 411 1330 458 bracteolas,
1361 418 1507 451 tenues

116 476 209 518 auri
227 477 418 527 laminas,
446 479 534 517 aeri
551 478 758 527 inductas,
789 478 968 529 πέταλα,
1010 478 1061 516 de
1085 478 1267 518 Castoris
1276 509 1288 529 ‚
1326 480 1505 519 Castoris

114 548 251 582 statua
275 559 304 583 s.
326 546 524 597 imagine,
553 547 703 591 ducat,
731 546 932 585 detrahat.

233 614 324 651 153.
366 615 437 652 An
466 614 646 659 dubitet,
691 621 775 653 tam
805 621 950 653 tenues
985 613 1166 653 bracteas
1189 614 1257 652 vel
1290 615 1380 653 auri
1405 615 1504 667 quid

113 681 329 731 argentive
361 679 599 730 detrahere,
637 683 694 726 is,
737 682 807 734 qui
844 684 990 720 solitus
1015 688 1099 731 est,
1137 682 1212 732 (cf.
1242 682 1340 722 Var.
1365 680 1504 731 Lect.)

116 749 301 798 conflare
325 757 456 786 totam
485 751 728 794 Tonantem,
756 756 885 789 totam
909 751 1020 790 Iovis
1045 750 1247 802 effigiem?
1310 750 1400 789 155.
1429 765 1503 799 αντ-

109 816 247 863 ttfices
274 819 447 863 veneni,
487 818 557 869 qui
583 817 685 855 illud
707 825 864 869 parant,
923 828 1186 858 mercatorem
1209 820 1383 868 veneni,
1416 830 1503 856 non

109 882 183 934 qui
201 882 369 933 vendit,
407 885 480 923 sed
504 886 605 924 emit
625 900 853 935 venenum,
893 893 941 924 ut
966 901 1013 925 eo
1037 887 1215 939 aliquem
1239 892 1372 924 necet.
1430 885 1500 923 Sic

105 958 279 987 emtores
303 955 626 1002 provinciarum
664 953 771 992 dixit
807 953 891 992 Cic.
927 969 966 1006 p.
999 955 1085 993 red.
1120 955 1166 993 in
1200 955 1295 992 Sen.
1326 968 1360 992 c.
1382 954 1420 991 4.
1443 972 1501 980 --

111 1018 202 1056 155.
231 1018 445 1057 Parricida
476 1020 721 1072 designatur.
778 1021 899 1059 Cous.
932 1022 982 1060 ad
1005 1023 1125 1060 simil.
1156 1022 1233 1060 loc.
1256 1020 1375 1069 VIII,
1401 1021 1500 1059 213.

106 1087 203 1125 214.
234 1086 519 1125 deducendum
551 1091 598 1126 in
627 1103 738 1127 mare
770 1092 880 1127 corio
915 1090 1055 1134 bovis,
1097 1089 1239 1137 culeo,
1270 1089 1338 1126 cui
1362 1087 1498 1126 insui-

104 1160 187 1192 tur.
217 1175 272 1186 —-
346 1155 435 1193 156.
467 1158 594 1194 simia
623 1158 820 1201 innoxia,
850 1157 1008 1209 lepide,
1051 1170 1154 1210 quae
1176 1155 1282 1195 nihil
1308 1155 1500 1208 peccavit

105 1227 150 1259 et
172 1227 312 1260 tamen
335 1223 456 1261 simul
480 1238 655 1275 poenam
674 1224 767 1263 luit.
1118 1228 1119 1231 ’

220 1291 295 1339 157
320 1303 402 1342 seq.
445 1290 560 1328 Haec
584 1297 646 1327 est
668 1292 838 1329 minima
860 1305 954 1343 pars
981 1292 1205 1341 scelerum,
1237 1307 1344 1344 quae
1367 1305 1497 1344 usque

102 1372 132 1395 a
154 1358 376 1409 Luvzswo,
419 1357 548 1395 donec·
572 1358 644 1395 lux
669 1359 856 1404 occidat,
889 1374 911 1397 a
936 1373 1054 1397 manc
1080 1358 1130 1396 acl
1155 1368 1382 1410 vesperam,‘
1413 1374 1495 1396 αα-

101 1425 168 1462 dit
196 1424 247 1464 ad
263 1438 306 1463 se
330 1424 462 1463 delata
492 1434 628 1462 custos
665 1426 811 1471 Urbis,
850 1428 1085 1478 praefectus
1112 1426 1245 1471 Urbi,
1276 1427 1343 1464 cui
1368 1426 1496 1463 tutela

100 1490 228 1530 Urbis
250 1493 463 1530 commissa
486 1498 567 1540 est,
585 1488 628 1512 ²0
657 1494 869 1543 Gallicus,
910 1494 1094 1532 Rutilius
1122 1493 1307 1532 Gallicus
1327 1492 1495 1540 Valens,

95 1573 224 1611 quem
248 1559 480 1597 Domitiani
503 1559 762 1611 temporibus
786 1560 1044 1611 praesectum
1068 1559 1176 1598 Urbi
1199 1560 1340 1609 fuisse,
1379 1566 1494 1611 patet

101 1641 156 1666 ex
178 1627 279 1665 Stat.
304 1627 404 1666 silv.
427 1627 459 1676 I,
482 1628 520 1665 4.
547 1628 664 1665 cuius
686 1627 877 1666 carminis
899 1641 939 1666 v.
968 1628 1028 1666 16.
1053 1634 1116 1666 cst
1136 1627 1224 1667 hic:
1263 1628 1394 1677 Quem.
1413 1641 1496 1678 pe-

99 1707 172 1732 nes
200 1694 435 1745 intrepidae
456 1696 572 1732 mitis
598 1694 792 1732 custodia
814 1696 987 1732 Romae.
1009 1689 1046 1710 ²¹
1104 1693 1227 1732 Cons.
1252 1694 1303 1731 ad
1322 1694 1396 1741 IV,
1425 1706 1490 1743 77.

96 1760 331 1800 Herminius
360 1761 550 1812 putabat,
589 1774 644 1799 ex
675 1759 716 1797 h.
738 1760 767 1798 l.
799 1767 987 1798 constare
1017 1765 1216 1809 aetatem,
1248 1773 1329 1812 quo
1357 1760 1494 1799 Satira

96 1834 238 1867 nostra
260 1830 315 1866 sit
336 1829 500 1880 scripta.
560 1827 642 1865 Sed
663 1840 701 1866 v.
726 1826 777 1864 ad
797 1841 837 1865 v.
863 1827 923 1865 16.
956 1839 1016 1877 17.
1043 1849 1099 1858 -
1178 1827 1268 1866 160.
1300 1841 1386 1865 una
1415 1824 1493 1865 εἷο-’-

35 1925 43 1934 ,
98 1909 190 1935 mus
213 1895 301 1933 scil.
322 1895 474 1934 Rutilii
498 1894 670 1943 Gallici,
710 1894 782 1932 ubi
808 1894 971 1942 audies,
1023 1899 1123 1945 quot
1146 1892 1306 1932 Romae
1333 1894 1492 1946 §celera

99 1969 143 2001 et
173 1976 294 2015 quam
327 1963 466 2014 gravia
498 1961 685 2014 quotidie
716 1962 1050 2000 committantur:
1120 1974 1216 1999 nam
1253 1961 1491 2012 praefectus

96 2030 207 2069 Urbi
240 2030 315 2068 sub
334 2029 659 2081 Imperatoribus
695 2042 859 2067 omnem
883 2029 973 2068 sere
1002 2028 1332 2066 iurisdictionem
1365 2043 1493 2068 exer-

97 2099 236 2146 cebant,
271 2098 382 2150 quod
411 2097 672 2143 notissimum
696 2110 750 2134 ex
785 2097 881 2134 Tac.
905 2094 1011 2134 Ann.
1035 2095 1112 2140 VI,
1140 2108 1189 2133 10
1210 2109 1293 2148 seq.
1324 2101 1366 2134 et
1389 2095 1492 2134 aliis.

96 2167 267 2206 Paucos
296 2178 486 2203 consume
516 2165 606 2201 dies
634 2163 680 2200 in
699 2163 820 2202 domo
842 2164 940 2212 ista,
985 2171 1024 2200 eb
1057 2171 1096 2200 te
1126 2165 1321 2200 miseram
1354 2163 1498 2200 elicere

99 2232 229 2276 aude,
261 2233 297 2270 si
324 2238 463 2284 potes,
492 2230 532 2268 h.
559 2244 593 2267 e.
627 2244 712 2268 non
732 2230 920 2281 audebis,
950 2231 986 2269 si
1007 2236 1049 2269 te
1069 2229 1183 2280 aliis,
1210 2229 1281 2282 qui
1299 2231 1492 2282 graviora

96 2299 212 2350 passi
235 2305 352 2350 suut,
394 2298 706 2351 comparaveris.
1012 2291 1013 2294 ¹

150 2430 206 2451 20.
231 2426 271 2451 ut
297 2431 353 2463 ap.
382 2420 465 2452 Seu.
493 2420 559 2462 Ep.
579 2418 640 2452 85.
669 2426 705 2451 et
728 2420 766 2450 in
823 2420 1002 2452 institutus
1030 2424 1101 2462 εει.
1158 2426 1347 2462 postquam
1391 2416 1494 2450 Galli

98 2476 246 2518 Elegia,
298 2488 387 2519 quae
410 2478 540 2519 legitur
559 2478 593 2509 in
617 2476 766 2508 VVerns-
824 2475 1043 2519 Capitolium
1097 2479 1300 2520 ceperunt.“
1383 2475 1491 2518 Quod.

100 2533 196 2566 dorf.
223 2543 315 2578 poet.
338 2536 428 2567 min.
459 2535 501 2566 T.
528 2535 595 2567 111.
626 2545 661 2577 p.
690 2532 767 2577 159.
823 2535 964 2567 mireris
994 2535 1148 2566 arrisisse
1179 2531 1324 2566 Cuiacio
1353 2533 1390 2566 in
1419 2533 1494 2566 Pa-

97 2601 130 2623 τ.
150 2600 205 2635 27.
823 2592 952 2623 ratitlis
977 2590 1022 2624 ad
1047 2591 1184 2633 Digest.
1210 2590 1238 2631 1,
1261 2601 1315 2623 12.
1343 2597 1378 2622 et
1399 2589 1493 2622 aliis·

108 2669 116 2678 .
144 2658 201 2679 21.
226 2646 323 2679 Male
350 2655 416 2678 vet.
451 2646 574 2680 S'chol.
616 2644 767 2687 „Galli-
821 2648 1024 2682 Praefectus
1044 2649 1196 2691 vigilum
1219 2647 1264 2682 ab
1290 2647 1326 2681 h.
1349 2647 1375 2681 1.
1402 2648 1495 2688 alie-v

97 2715 165 2746 cus
187 2715 318 2739 nomen
332 2704 501 2748 praefecti
521 2705 683 2748 vigilum,
706 2704 767 2748 qui
823 2716 890 2737 uus
916 2713 980 2738 est·-
