1686 3089
230 191 311 244 506
559 178 574 212 ἑ
674 179 1254 225 COMMENTARIVS

227 306 356 344 *batur
383 303 538 356 patria,
579 315 681 355 quae
713 299 818 339 hanc
839 297 1070 336 mercedem
1089 296 1214 335 tantis
1234 295 1506 334 constituebat
1535 307 1625 333 me-

225 374 333 413 ritis.
355 370 394 394 ¹4

355 439 431 478 166
457 453 536 491 seq.
568 436 681 475 Talis
705 433 856 484 agellus
893 433 1024 470 alebat
1042 431 1377 483 patremfamilias
1406 437 1446 470 et
1483 432 1554 484 qui
1583 431 1628 470 in

239 508 328 547 eius
356 521 455 546 casa
476 511 601 544 erant.
633 524 684 532 —
740 501 1023 539 Romanorum
1050 498 1168 537 aedes
1199 500 1343 550 priscis
1373 499 1628 549 temporibus

228 589 319 615 “non
337 575 417 614 nisi
439 588 552 613 casae
571 575 698 609 erant.
764 569 854 620 169.
889 568 1091 615 Vei-nula,
1122 581 1262 604 servae
1282 567 1390 604 filius
1417 565 1528 603 domi
1551 579 1628 602 na·-

227 650 327 692 'tus,
357 657 474 680 unus,
531 638 807 689 Temporibus
833 642 974 673 contra
1004 640 1148 687 poetae
1183 648 1288 671 unus
1321 633 1509 671 dominus
1542 646 1629 671 ma-

239 725 360 764 gnam
384 721 597 748 servorum
625 705 822 744 familiam
851 703 996 741 alebat.
1061 710 1142 739 tres
1164 702 1337 745 domini,
1361 700 1629 744 filiifamilias,

242 779 400 817 domini
422 791 452 814 s.
479 775 570 813 heri
591 774 769 811 minores
789 772 857 808 vel
879 771 976 809 olim
999 770 1154 817 futuri,
1187 769 1500 819 {Germ.ju11ge
1518 769 1632 804 Her-

227 845 328 897 ren)
354 851 401 882 ut
430 858 491 896 ap.
531 841 660 880 Plaut.
686 840 800 891 Capt.
823 839 926 890 pro1.
953 852 989 877 v.
1018 839 1079 875 18.
1105 834 1155 889 ¹5)
1183 858 1239 864 -—
1301 848 1388 884 170.
1415 839 1458 873 A
1477 835 1631 878 scrobe,

227 928 262 952 ‘a
286 911 503 958 fodiendo,
533 909 682 961 plantis
698 908 932 958 vitibusque
956 904 1240 948 defodiendis,
1266 904 1332 940 vel
1351 904 1483 950 sulco,
1509 916 1631 940 arnn-

239 981 292 1019 do
325 993 434 1030 agro.
488 977 682 1028 Amplior
712 990 839 1013 coena
869 983 908 1011 et
936 973 1119 1025 grandes
1155 973 1286 1018 ollae,
1318 972 1411 1022 quia
1438 977 1633 1021 paramur

228 1056 282 1086 'et
303 1043 791 1099 apponunturfratribus
812 1044 978 1092 magnis
993 1069 1006 1085 ‚
1044 1040 1191 1077 adultis·
1216 1045 1256 1075 et
1281 1053 1301 1075 a
1327 1039 1480 1076 rustico
1507 1051 1633 1088 opere

229 1116 390 1155 'samem
410 1114 613 1163 integram
635 1109 917 1157 aflerentffius,
947 1107 1136 1160 quodque
1157 1106 1201 1143 hi
1229 1106 1342 1157 pulte
1366 1112 1523 1142 tantum
1556 1117 1634 1142 vea-

237 1187 422 1221 scuntur.
479 1180 738 1217 Iuventatem.
751 1177 912 1227 grandi
928 1185 1101 1226 pastam
1114 1177 1289 1225 polenta
1313 1173 1502 1210 similiter
1525 1172 1635 1210 dixit

238 1250 351 1288 Pers.
389 1247 465 1294 III,
494 1247 557 1284 55.
596 1245 669 1282 ubi
699 1251 836 1281 tamen
867 1242 1043 1280 Casaub.
1078 1247 1239 1289 monet,
1276 1240 1460 1291 grandes
1492 1240 1634 1278 vocari

240 1318 346 1355 ollas
374 1321 417 1352 et
434 1315 676 1365 polentam,
720 1312 814 1362 quia
838 1311 970 1348 multo
992 1324 1096 1361 pane
1123 1315 1366 1351 vescantur,
1391 1308 1537 1358 quibus
1561 1321 1632 1345 so-

224 1386 302 1423 ‘lus
333 1383 447 1435 panis
467 1382 522 1419 sit
546 1381 663 1418 cibus
679 1409 688 1426 ‚
715 1386 755 1416 et
777 1377 853 1415 hae
871 1391 972 1416 voce
996 1376 1273 1415 commendari
1293 1370 1454 1423 εὖέξίαν
1476 1375 1637 1413 modice

238 1452 493 1490 viventium:
537 1449 698 1498 signum
734 1447 840 1483 enim
873 1460 960 1483 csse
991 1444 1240 1483 valetudinis
1265 1444 1414 1490 bonae,
1442 1442 1636 1493 grandem

240 1519 358 1571 panis
387 1516 582 1568 quadram
604 1526 724 1564 posse
750 1512 988 1560 comedere,
1008 1512 1134 1563 idque
1168 1525 1249 1549 non
1272 1511 1408 1548 facere
1433 1510 1634 1548 delicatu-

239 1585 302 1624 los
334 1597 426 1621 cum
458 1580 648 1619 omnibus
686 1579 768 1616 suis
803 1579 1074 1616 condimentis
1116 1586 1156 1616 et
1207 1579 1323 1629 gulae
1370 1577 1634 1616 scitamentis.

238 1652 388 1690 Altera
409 1662 563 1691 coena,
605 1659 699 1684 nam
720 1646 837 1697 prior
871 1660 998 1697 eaque
1026 1647 1172 1697 exigua
1193 1645 1376 1696 parvulis
1400 1644 1536 1682 suerat
1557 1659 1633 1696 pa-

226 1723 340 1757 rata.
401 1715 507 1753 Puls
527 1742 539 1758 ,
582 1727 684 1765 quae
707 1727 760 1750 ex
787 1713 940 1761 farina,
981 1714 1086 1751 sabis
1123 1719 1191 1751 aut
1218 1711 1373 1750 hordeo
1400 1713 1633 1762 parabatur,

238 1786 305 1825 sar
331 1791 471 1821 tusum
513 1787 553 1819 et
579 1794 681 1832 aqua
717 1787 987 1828 maceratum,
1029 1781 1140 1818 cibus
1172 1782 1402 1832 priscorum
1423 1781 1635 1831 Italorum,

241 1853 335 1905 (qui
360 1865 408 1888 eo
430 1849 628 1887 trecentis
650 1848 765 1885 annis
788 1854 882 1884 ante
904 1850 1018 1899 panis
1038 1862 1155 1885 usum
1176 1848 1466 1896 vescebantur)
1488 1855 1535 1886 ut
1555 1863 1636 1900 po·-

239 1921 351 1959 lenta
388 1918 664 1955 Graecorum:
713 1929 806 1952 nam
839 1915 901 1952 issi
936 1916 1067 1964 farre,
1109 1914 1154 1952 hi
1178 1914 1334 1952 hordeo
1374 1908 1632 1954 victitabant.

242 1987 352 2025 Usus
377 1984 533 2036 antiqui
553 1982 676 2020 huius
699 1983 779 2020 eibi
795 1984 944 2020 mansit
967 1984 1011 2021 in
1030 1984 1166 2021 sacris.
1227 1981 1289 2019 Cf.
1312 1982 1509 2034 XVI‚39.
1531 1989 1571 2020 et
1583 1983 1635 2022 ad

242 2055 318 2101 III,
358 2054 445 2101 187.
482 2051 587 2089 Plin.
621 2049 782 2097 XVIII,
804 2051 827 2087 8
850 2071 906 2078 —-
930 2063 984 2089 10.
1023 2052 1142 2089 Varr.
1175 2051 1224 2088 L.
1260 2050 1310 2088 L.
1334 2050 1419 2097 IV,
1447 2062 1512 2088 22.
1542 2052 1634 2089 Val.

241 2123 354 2161 Max.
378 2120 432 2164 II,
458 2120 494 2165 5,
519 2120 555 2156 5.
591 2119 738 2169 Heyne
771 2117 921 2168 Opusc,
941 2118 1064 2155 Acad.
1107 2119 1155 2155 T.
1191 2118 1220 2155 I.
1246 2132 1284 2169 p.
1307 2119 1399 2166 372.
1429 2138 1484 2146 —
1543 2130 1633 2167 172.

239 2189 364 2228 Nunc
389 2187 502 2225 horti
525 2186 741 2237 ampliores
776 2191 894 2234 sunt,
923 2199 1044 2238 quam
1066 2186 1162 2223 olim
1187 2186 1281 2237 agri.
1323 2184 1386 2222 Cf.
1408 2185 1482 2222 loc.
1508 2185 1635 2224 Plinii

290 2320 344 2354 14.
370 2320 424 2352 De
449 2330 524 2350 voc.
564 2323 671 2350 curta
701 2330 731 2350 v.
770 2318 813 2349 ad
845 2317 909 2359 vl,
969 2319 1038 2350 tris
1064 2329 1139 2350 non
1177 2318 1418 2351 hereditatem
1446 2319 1634 2363 percipere

238 2376 319 2420 449.
341 2385 375 2408 et
396 2376 516 2408 Heius.
549 2375 592 2407 ad
621 2373 725 2406 Ovid.
755 2374 846 2407 Fast.
865 2375 910 2415 Il,
966 2376 1160 2417 videntur,
1221 2376 1286 2407 sed
1319 2376 1441 2420 magis
1477 2375 1629 2409 liberam

240 2434 320 2468 408.
967 2432 1142 2466 bonorum
1165 2433 1523 2465 administrationem
1538 2445 1632 2466 con-

289 2492 343 2524 15».
377 2487 664 2534 Filia-§familias
701 2487 910 2533 appellatur
966 2497 1185 2535 sequuntur:
1233 2489 1305 2522 ltac
1330 2502 1373 2522 ex
1400 2502 1516 2522 causa
1541 2490 1629 2524 licet

238 2550 336 2580 sicut
362 2545 661 2592 paterfamilias,
701 2546 782 2578 sola
812 2552 905 2578 nota
962 2558 1037 2579 non
1062 2547 1210 2579 heredes
1238 2548 1326 2587 sint,
1361 2548 1498 2580 domini
1524 2554 1627 2588 suut,

238 2603 308 2636 lzac
327 2606 496 2643 adiecta,
530 2615 599 2647 per
630 2615 737 2648 quam
766 2603 903 2635 distin·
961 2603 1060 2637 Paul.
1080 2606 1142 2637 lib.
1163 2616 1196 2638 2.
1218 2604 1262 2636 ad
1279 2604 1400 2638 Sabin.
1424 2614 1457 2638 et
1480 2606 1519 2638 L.
1535 2605 1629 2638 11.ff.

233 2662 364 2705 guitur
386 2662 537 2705 genitor
565 2659 612 2691 ab
642 2672 682 2692 eo
701 2685 710 2699 ‚
747 2661 810 2705 qui
829 2673 902 2705 ger·
961 2660 1003 2693 de
1029 2662 1092 2694 lib.
1114 2672 1146 2694 et
1170 2662 1287 2706 posth.

237 2719 361 2750 nitus:
395 2717 520 2761 itaque
542 2722 634 2759 post
653 2723 801 2749 mortem
819 2728 898 2760 pa·—
