1686 3089
491 145 564 189 IN
599 145 841 209 JVVEN.
897 147 1040 188 sAT.
1091 149 1162 190 vz.
1442 155 1521 199 512

126 263 236 302 citur
257 260 442 300 Luciano
477 263 522 301 in
544 259 750 316 ’'Epwug,
804 264 859 302 ob
895 263 1010 302 cuius
1045 263 1327 305 inventionem
1353 267 1518 307 Philae—-

126 333 220 376 nis,
251 336 291 368 et
315 331 561 370 exercitium
582 332 759 377 mascula
781 330 944 383 Sappho
968 331 1073 369 male
1099 331 1242 370 audiit.
1269 330 1311 355 ⁸⁴
1379 337 1516 388 Equi-

120 408 210 438 tare
233 398 284 436 de
306 412 353 436 re
374 398 584 446 Venerea,
618 399 686 449 (ut
719 405 904 439 nostrum
926 401 1080 444 reiten,
1124 405 1166 438 et
1197 399 1303 439 Gall.
1332 401 1512 441 chevan—

119 467 238 514 (ἤιεν)
270 469 315 504 in
348 468 485 511 viceS,
524 473 572 504 ut
599 468 749 518 jacere
780 466 941 504 vicibus
966 467 1060 515 VII,
1078 467 1179 506 '2‘40.
1260 469 1387 506 Luna
1413 479 1513 508 teste

117 548 165 572 ac
197 534 358 572 conscia
385 532 662 584 flagitiorum,
711 548 813 586 quae
832 540 1042 572 matronae
1071 535 1240 587 pudoris
1268 536 1421 574 oblitae
1458 552 1512 576 ne

115 603 292 640 obscura
319 600 485 653 quidem
518 608 662 650 nocte,
717 601 788 638 sed
823 601 1065 652 splendente
1097 601 1196 640 luna
1230 605 1507 643 committunt.

114 670 260 708 Sidera
297 677 416 707 testes
447 682 533 707 esse
571 674 632 719 et,
677 676 880 722 tamquam
901 669 1011 707 oculi
1041 670 1171 714 coeli,
1197 668 1342 709 videre
1372 672 1510 710 omnia

109 751 158 776 ac
189 737 424 788 despectare
447 736 655 775 dicuntur.
684 733 721 759 ⁸⁵
799 746 1035 783 ηιοι-ἐηίιιν,
1076 738 1281 789 agitantur
1303 739 1507 791 voluptati

107 804 367 855 indulgentes
401 809 442 841 et
484 805 722 856 equitantes.
811 799 897 854 Τήν
936 800 1121 858 κεφαλήν
1165 806 1290 853 oslac
1322 807 1393 847 καὶ
1429 802 1507 857 τήν

103 866 240 925 πυγήν
271 868 499 918 οἷνασειέις·
544 867 626 912 “Eu
646 872 721 924 μὲν
739 872 1014 925 μαινομένου,
1046 869 1091 913 ἓν
1115 872 1156 914 δὲ
1182 874 1503 926 περαινομένου,

101 940 242 992 Epigr.
267 939 410 977 XXV.
439 939 483 976 in
505 938 709 978 Huschkii
733 941 850 979 Anal.
877 941 966 978 crit.
987 954 1027 992 p.
1051 940 1144 979 246.
1166 961 1222 968 --
1268 942 1363 980 312.
1389 931 1506 980 Con-⁴

102 1010 218 1060 iugis
253 1013 349 1044 tuae
384 1008 552 1043 urinam
586 1008 752 1052 calcas,
821 1008 1075 1060 praeteriens
1113 1021 1224 1046 aram
1266 1007 1501 1047 Pudicitiae

101 1083 144 1114 et
179 1077 370 1117 visuras,
422 1074 695 1122 salutaturus,
753 1078 910 1113 amicos
946 1088 1149 1127 magam,
1213 1081 1403 1127 potentes
1449 1090 1497 1115 ac

99 1143 279 1190 nobiles,
305 1147 526 1193 patronos,
567 1142 637 1193 qui
664 1156 687 1180 a
713 1142 931 1181 clientibus
968 1143 1058 1180 luc-e
1092 1142 1227 1194 prima
1250 1142 1498 1182 salutantur.

101 1209 168 1247 Cs.
193 1210 224 1258 Ι,
251 1209 315 1246 55.
349 1214 390 1245 et
419 1208 494 1256 ΙΙΙ,
520 1210 609 1250 184,

209 1277 467 1314 314-345.
517 1276 602 1314 Alii
625 1290 700 1314 nec
720 1277 855 1314 minus
878 1276 992 1315 foedi
1020 1277 1315 1316 describuntur
1345 1278 1494 1316 nimis-

93 1358 174 1396 que
208 1343 259 1381 ad
281 1344 424 1381 vivum
451 1344 565 1394 quasi
597 1349 835 1381 resecantur
868 1344 1036 1382 effectus
1073 1345 1285 1383 ebrietatis
1321 1351 1363 1383 ct
1399 1352 1492 1383 stu-

90 1426 166 1464 pra
188 1410 387 1458 nefanda,
436 1410 583 1461 quibus
614 1425 726 1448 sacra
758 1411 880 1448 etiam
914 1418 953 1449 et
987 1413 1259 1449 caerimoniae
1286 1413 1490 1462 Deorum,

86 1480 195 1531 inpr.
231 1480 375 1516 Bonae
399 1478 543 1521 Deae,
583 1478 841 1529 polluuntur.
912 1479 979 1516 Dc
1004 1478 1080 1517 hac
1104 1479 1198 1517 Dea
1230 1479 1399 1532 eiusque
1420 1495 1486 1519 sa·-

88 1549 190 1596 cris,
217 1559 322 1599 quae
342 1545 387 1583 in
419 1558 620 1582 summam
651 1546 803 1584 sensim
837 1545 1484 1599 turpitudinem,degenerabant,

83 1627 124 1668 γ.
160 1613 211 1652 ad
244 1613 298 1661 II,
330 1613 382 1651 86
399 1626 481 1665 seq.
562 1614 679 1650 Nota
708 1620 881 1666 propter
920 1628 1078 1652 summa
1114 1613 1285 1664 flagitia,
1338 1615 1382 1653 in
1415 1613 1481 1652 his

85 1682 210 1720 sacris
233 1680 438 1719 committi
461 1681 591 1719 solita.
652 1682 710 1718 Et
731 1680 831 1720 haec
858 1682 1000 1733 utique
1020 1680 1183 1719 notiora
1207 1682 1326 1731 suns,
1357 1696 1480 1734 quam

81 1751 217 1801 ipsae,
245 1748 391 1800 quibus
412 1749 504 1786 Dea
525 1749 790 1797 colebantur,
821 1750 1105 1788 caerimoniae.
1183 1750 1302 1787 lvota
1339 1755 1479 1788 autem

82 1817 216 1856 facete
237 1816 431 1854 dicuntur
471 1825 649 1859 secreta,
699 1814 738 1853 h.
759 1830 793 1854 e.
825 1829 971 1854 arcana
1003 1816 1120 1853 Deae
1156 1829 1292 1864 sacra,
1336 1831 1357 1854 a
1379 1817 1477 1855 solis

80 1885 324 1924 seminis'et
356 1882 452 1937 hinc
490 1884 535 1920 in
569 1883 671 1920 locis
713 1885 906 1927 seeretis,
968 1883 1083 1921 sorte
1124 1883 1401 1922 subterraneis
1429 1897 1475 1921 ac
1503 1908 1519 1931 ,ι

80 1952 318 1999 fornicans,
367 1957 414 1988 ut
445 1950 587 2001 Priapi
618 1963 730 1987 sacra
762 1963 846 1988 non
874 1951 1009 1989 minus
1044 1951 1209 2002 impura
1233 1951 1278 1989 in
1302 1956 1475 2002 cryptae

79 2032 270 2067 recessu,
301 2018 525 2065 celebrata,
566 2016 675 2054 unde
705 2026 872 2056 antrum
904 2018 978 2056 ins.
1011 2031 1051 2057 v.
1091 2019 1185 2057 328.
1216 2023 1259 2057 et
1283 2027 1471 2069 opertum

81 2086 165 2124 Cic.
189 2085 332 2124 Parad.
357 2083 395 2124 4.
431 2091 472 2123 et
501 2084 685 2123 Laetam.
719 2084 770 2123 de
803 2085 905 2124 salsa
936 2086 1049 2137 relig.
1078 2086 1111 2134 I,
1133 2097 1200 2124 22.
1259 2085 1323 2124 Cf.
1349 2085 1470 2124 Gon·-

75 2155 146 2193 sal.
179 2153 229 2192 ad
254 2154 422 2192 Petron.
455 2167 494 2204 p.
528 2166 579 2189 m.
601 2153 669 2191 42.
725 2152 836 2192 tibia
867 2155 1018 2192 incitat
1045 2153 1202 2192 lambos
1238 2152 1289 2191 ad
1311 2152 1468 2190 saltan-

74 2221 194 2269 dum,
253 2219 368 2270 (nam
406 2220 457 2258 ad
492 2220 636 2258 tibiam
670 2220 714 2257 in
754 2219 818 2258 his
844 2221 968 2258 sacris
990 2220 1157 2259 saltasse
1193 2220 1389 2259 mulieres
1425 2225 1467 2258 et

73 2287 171 2326 hinc
193 2287 383 2327 Clodium
408 2300 570 2340 quoque
595 2286 739 2326 habitu
767 2288 960 2340 psaltriae
995 2289 1046 2326 iis
1068 2287 1255 2336 affuisse,
1295 2291 1464 2338 praeter

70 2355 170 2394 alios
202 2354 322 2392 docet
350 2355 457 2392 Plut.
489 2355 534 2392 in
562 2353 674 2393 Caes.
701 2361 742 2393 et
778 2354 930 2408 Cicer.)
967 2356 1035 2395 vel
1067 2355 1204 2407 potius
1234 2353 1286 2391 ad
1317 2352 1463 2394 libidi-

69 2435 167 2465 nem
197 2427 239 2459 et
268 2411 478 2474 prurituin
507 2436 745 2472 venereum,
774 2429 824 2462 ut
854 2425 1027 2463 exissent
1058 2423 1234 2471 lumbis;
1265 2421 1335 2470 (ut
1357 2434 1460 2460 mox

115 2527 176 2562 84.
201 2529 258 2563 Cf.
277 2528 321 2561 ad
342 2541 372 2562 v.
393 2528 473 2562 322.
498 2528 644 2564 Phaedr.
667 2530 725 2570 IV,
841 2531 898 2564 85.
923 2529 1027 2563 Cous.
1059 2529 1154 2572 VIII,
1179 2529 1253 2572 149.
1282 2528 1406 2560 Manil.
1426 2526 1459 2568 I,

70 2585 126 2626 14,
145 2596 157 2616 1
180 2581 253 2629 seq.
279 2584 352 2629 (nbi
374 2597 404 2618 v.
425 2586 556 2632 intpp.)
575 2586 725 2621 Martial.
790 2587 868 2622 283.
912 2588 1127 2631 Zinzerling.
1160 2586 1280 2621 Critic.
1308 2588 1358 2618 iux
1368 2584 1455 2619 cuil-

70 2640 98 2681 1,
118 2650 172 2685 90.
199 2641 278 2683 VH,
296 2641 352 2676 63.
376 2651 411 2676 et
427 2642 483 2689 69.
533 2644 658 2688 Koppe
683 2644 727 2677 ad
790 2658 826 2691 p.
854 2655 934 2678 202.
958 2653 993 2679 et
1013 2646 1132 2680 Heius.
1161 2643 1208 2679 ad
1225 2642 1330 2681 Ovida
1360 2642 1455 2677 Fssst·

71 2697 174 2734 Pauli
206 2701 305 2746 epist.
333 2699 378 2735 ad
395 2700 497 2736 Rom.
515 2703 543 2748 1,
566 2701 620 2738 26.
640 2714 698 2750 ²7·
731 2703 733 2706 ’
791 2703 860 2748 IV,
879 2700 958 2738 885.
