1686 3089
480 168 558 210 IN
603 166 839 209 IVVEN.
885 166 1020 207 SAT.
1061 167 1175 207 xw.
1461 163 1541 217 715

147 287 222 327 ubi
256 285 477 325 histriones
511 284 750 323 recitabant.
815 283 949 327 lauti,
1003 282 1219 332 elegantis,
1269 280 1431 332 divitis,
1473 285 1543 324 vel

149 355 287 406 :magni
318 361 356 392 et
384 353 580 404 dignitate
610 351 845 403 conspicui3
883 350 952 390 vel
971 351 1109 402 potius
1140 352 1210 403 qui
1231 352 1362 401 laute,
1401 355 1541 404 splen-

150 422 248 460 dido
271 427 467 474 apparatu
486 420 604 458 ludos
631 420 741 468 facit,
770 415 835 473 (ut
852 433 912 470 ap.
935 419 1047 456 Pers.
1072 418 1148 462 VI,
1175 420 1240 456 23.
1257 435 1364 471 puer
1383 422 1541 468 lautus,

148 490 221 542 qui
245 491 399 541 magnis
421 488 615 539 impensis
638 500 806 525 coenam
829 483 960 538 parat)
984 486 1054 525 vel
1083 487 1133 524 iis
1156 487 1199 524 in
1222 488 1321 526 sella
1342 490 1476 527 curuli
1500 496 1542 528 et

147 563 366 610 praetexta
384 570 414 594 s,
446 561 542 606 toga
570 556 705 607 picta,
748 560 863 592 veste
886 553 1141 605 triumphali,
1173 562 1343 605 praeest.
1395 557 1459 595 Cs.
1481 558 1541 602 X,

148 625 204 666 36
228 639 310 676 seq.
339 631 379 662 et
404 624 480 672 XI,
507 636 595 676 192.
652 623 715 661 Ita
745 621 959 660 Praetores
995 622 1105 661 viam
1146 622 1225 660 sibi
1259 622 1312 660 ad
1350 626 1542 663 consula-

150 700 262 742 tum,
302 698 349 730 ut
386 690 553 729 Aediles
583 691 745 729 curules
778 690 828 727 ad
863 703 1042 728 summos
1080 689 1258 728 honores
1288 692 1541 739 muniebant.

148 762 245 799 258.
274 769 433 812 quanto
468 767 678 803 constent,
731 764 938 810 tamquam
958 759 1091 809 pretio
1100 788 1111 807 ‚
1159 773 1238 811 quo
1261 765 1369 797 emta
1394 761 1479 798 sint
1502 767 1546 800 et

147 833 300 879 parata.
357 828 424 864 Sic
460 835 585 865 morte
620 834 809 863 constare
847 825 956 863 dixit
981 825 1094 864 Caes.
1120 825 1166 864 B.
1195 826 1246 864 G.
1274 827 1370 876 VII,
1400 841 1460 880 19.
1486 851 1543 859 —-

146 895 244 935 260.
273 896 450 938 Fiscus,
503 893 639 930 corbis
658 899 817 945 spartea
842 907 871 931 s,
896 893 1097 942 viminea,
1134 893 1179 931 in
1215 907 1335 946 quam
1367 897 1545 946 pecunia

151 963 427 1009 condebatur,
465 961 532 998 vel
554 961 641 1011 ipsa
674 961 859 1011 pecunia.
918 962 977 999 acl
1001 962 1198 1002 Castora,
1235 961 1344 1012 apud
1378 976 1546 1002 mensa-

146 1031 232 1069 rios
257 1036 298 1067 et
325 1029 580 1067 feneratores
600 1029 643 1066 in
669 1028 784 1076 soro,
812 1029 883 1066 ubi
905 1029 1024 1066 aedes
1053 1035 1142 1067 erat
1169 1028 1364 1074 Castoris,
1407 1032 1476 1069 vel
1498 1033 1557 1073 ins

145 1098 246 1137 aede
285 1095 467 1135 Castoris
514 1095 701 1146 ponendi
742 1098 884 1142 numa]
937 1109 1032 1135 nam
1072 1111 1158 1135 non
1194 1097 1316 1135 modo
1359 1098 1544 1147 foedera,

145 1166 355 1219 pactiones
378 1169 418 1202 et
442 1168 706 1211 testamenta,
738 1163 821 1214 vsed
846 1165 1048 1215 ‚pecuniae
1084 1164 1208 1203 etiam
1231 1164 1545 1216 deponebantur

146 1234 191 1272 in
216 1233 400 1285 templis,
428 1244 531 1283 quae
555 1236 644 1268 tuta
668 1238 783 1269 erant
804 1232 1003 1282 religione
1028 1231 1198 1271 deorum
1222 1238 1262 1270 et
1283 1236 1543 1285 potiss1mum

146 1301 336 1340 excubiis
375 1299 552 1337 militum
562 1327 574 1347 ‚
624 1297 734 1336 unde
772 1300 883 1349 vigil
917 1299 1061 1337 Castor
1101 1298 1140 1337 h.
1168 1300 1194 1337 l.
1236 1300 1403 1340 dicitur.
1423 1300 1463 1325 2⁸
1485 1327 1544 1336 -—-

145 1369 242 1407 261.
271 1368 340 1404 Ex
367 1381 447 1418 quo
471 1366 584 1403 sures
619 1366 664 1403 in
688 1366 782 1404 soro
805 1366 976 1414 Martis,
1027 1365 1066 1404 h.
1093 1381 1125 1404 e.
1162 1368 1206 1405 in
1231 1368 1325 1406 soro
1351 1371 1543 1421 Augusti,

146 1435 259 1488 quod
300 1434 399 1472 aede
435 1434 581 1472 Martis
616 1433 777 1472 Ultoris
824 1439 1014 1471 ornatum
1058 1440 1166 1481 erat,
1191 1430 1230 1455 ²9
1288 1439 1545 1477 numularios

149 1504 382 1554 diripuere,
448 1507 489 1539 et
520 1500 601 1552 ipsi
647 1513 808 1552 quoque
841 1500 968 1541 Marti
1003 1501 1177 1551 insignia
1208 1515 1281 1539 sua
1314 1505 1546 1557 abstulere3

145 1571 276 1610 Brit.-
308 1568 378 1608 Ex
409 1582 489 1620 quo
526 1569 571 1606 in
602 1567 755 1618 templo
781 1568 930 1605 Martis
962 1569 1206 1620 compilatae
1229 1570 1403 1611 suerunt
1427 1587 1546 1614 arcae

144 1638 356 1691 ipsiusque
380 1636 461 1673 Dei
482 1635 594 1686 galea
617 1635 732 1673 furto
759 1636 977 1686 subrepta3
1008 1636 1128 1674 Farn.
1155 1638 1246 1675 coll.
1270 1639 1448 1679 Martial.
1471 1643 1544 1692 VI,

148 1718 214 1756 72.
244 1711 286 1742 et
307 1702 524 1752 Antholog.
544 1703 598 1750 II,
622 1703 689 1741 25.
722 1702 772 1739 de
793 1701 1051 1752 Eutychida,
1080 1717 1184 1753 quae
1211 1705 1302 1743 loca
1325 1721 1469 1758 parum
1492 1712 1545 1750 ad

146 1785 238 1812 rem
261 1771 432 1809 faciunt.
477 1768 541 1806 Cs.
559 1782 647 1821 sup.
673 1768 722 1806 ad
746 1769 801 1816 X,
826 1770 890 1806 25.
949 1770 1077 1806 Poeta
1111 1770 1222 1807 sorte
1254 1772 1304 1809 ad
1337 1776 1399 1812 sui
1434 1784 1544 1818 tem..

145 1840 260 1893 poris
282 1837 511 1884 historiam,
536 1836 653 1873 nobis
679 1836 872 1886 ignotam,
910 1837 1104 1887 respicit3
1156 1844 1196 1875 et
1216 1838 1291 1878 hac
1319 1845 1545 1896 occasione,

146 1913 197 1946 ut
229 1906 399 1958 passim,
447 1902 559 1942 ridet
588 1902 793 1942 infirmam
825 1904 957 1942 divini
988 1905 1167 1943 numinis
1199 1911 1450 1958 potentiam,
1503 1921 1545 1954 et

150 1974 317 2028 quidem
338 1972 377 2010 h.
402 1972 429 2009 l.
455 1972 526 2019 (ut
545 1971 600 2020 II,
623 1972 698 2009 130
721 1968 822 2026 seq.)
865 1973 1047 2016 Martis,
1101 1973 1172 2023 qui
1206 1987 1258 2010 ne
1291 1990 1355 2013 res
1378 1979 1545 2029 quidem

151 2056 271 2089 suas,
315 2054 387 2078 sua
406 2039 535 2091 ipsius
557 2039 754 2089 insignia,
795 2040 991 2088 servarit,
1043 2039 1195 2079 nedum
1219 2055 1286 2079 res
1311 2042 1543 2093 hominum,

147 2110 250 2159 sibi,
290 2115 498 2159 tamquam
523 2106 632 2158 patri
663 2120 708 2144 ac
740 2108 872 2146 tutori
893 2107 1100 2145 Romanae
1124 2110 1278 2158 gentiS,
1325 2112 1369 2149 in
1404 2121 1546 2154 custo-

150 2177 260 2216 diam
283 2173 550 2215 concreditas.
608 2173 810 2224 Rigaltius
836 2175 881 2212 in
903 2175 1012 2212 Diss.
1045 2175 1096 2213 de
1121 2176 1203 2213 Sat.
1234 2177 1377 2217 luven.
1407 2184 1546 2234 suspi-

151 2245 343 2290 cabatur,
376 2241 510 2280 deriso
535 2241 692 2289 Marte,
722 2242 792 2294 qui
817 2241 920 2280 salso
949 2243 1067 2281 Ultor
1091 2243 1274 2293 dicatur,
1309 2259 1394 2285 nou
1418 2249 1543 2288 modo

198 2329 256 2363 28.
281 2341 313 2362 v.
341 2328 439 2371 Lips.
462 2327 507 2360 ad
527 2328 612 2360 Tac.
631 2327 726 2360 Anu.
746 2329 775 2368 I,
785 2326 820 2360 8.
877 2329 1099 2371 temporibus
1117 2330 1389 2372 negotiabantur
1408 2346 1546 2367 numu-

151 2388 374 2423 Britannicus
419 2385 471 2418 ad
509 2387 668 2418 Castora
705 2386 821 2417 inter·
878 2386 957 2418 larii
985 2387 1042 2417 vel
1079 2386 1312 2430 feneratores,
1369 2398 1418 2422 et·
1439 2392 1477 2424 in
1503 2404 1544 2427 ea

153 2444 378 2490 pretabatur:
427 2442 522 2486 apud
558 2443 752 2474 mensarios
782 2443 819 2474 in
876 2444 1045 2485 pecuniae
1082 2444 1388 2488 deponebantur.“
1437 2449 1544 2484 conf,

153 2503 248 2542 foro,
282 2502 343 2534 ubi
374 2509 446 2532 erat
473 2499 575 2532 aedes
605 2498 768 2531 Castoris.
789 2511 820 2532 v.
879 2498 951 2533 Cic.
976 2500 1076 2533 Verr.
1095 2502 1123 2553 1,
1143 2503 1196 2547 49.
1218 2510 1251 2535 et
1262 2516 1328 2547 pro
1349 2505 1519 2549 Quint.4,

151 2559 228 2592 Liv.
264 2559 311 2599 ΙΙ,
339 2569 396 2590 20.
420 2557 476 2607 42.
513 2556 612 2589 Suet.
645 2557 742 2589 Caes.
768 2569 822 2590 10.
924 2570 981 2603 29.
1016 2571 1049 2592 v.
1079 2553 1176 2593 Suet.
1205 2561 1297 2604 Aug.
1335 2573 1391 2597 21.
1423 2573 1545 2610 πτας.

156 2626 190 2650 et
213 2616 361 2661 Dionys.
397 2615 511 2647 Halic.
535 2615 599 2647 VI.
625 2624 713 2657 pag.
741 2613 821 2648 351.
879 2615 984 2648 Ovid.
1010 2616 1102 2650 Fast.
1134 2618 1180 2660 V,
1213 2618 1278 2665 549
1299 2626 1373 2663 seq.
1406 2629 1440 2654 et
1474 2621 1545 2654 Dio

156 2673 341 2709 Plathneri
375 2680 457 2705 nota
498 2680 551 2704 est
586 2671 688 2705 haec:
743 2672 821 2714 „Ad
879 2674 973 2707 Cass.
994 2673 1085 2716 LIV,
1106 2687 1137 2719 7.
1157 2683 1191 2709 et
1211 2675 1244 2712 8.
1261 2677 1323 2713 ubi
1341 2679 1438 2713 conf.
1457 2679 1544 2713 Rei-

157 2731 314 2766 Castoris
357 2728 483 2764 aedem
529 2731 602 2765 iam
643 2729 822 2765 Ciceronis
878 2742 967 2765 mar.
994 2731 1102 2777 §.‚35.
1306 2744 1307 2748 ¹
