1686 3089
196 177 275 229 742
609 178 1196 221 COMMENTARIVS

196 297 281 330 not.
306 294 380 331 153
396 314 443 323 —-·
462 293 550 332 164.
575 297 612 345 p.
638 295 744 341 73-
760 296 822 342 78.
847 294 917 332 ubi
949 301 1111 346 praeter
1148 295 1225 333 alia
1258 295 1400 343 docet,
1439 297 1579 335 vicum

197 358 443 401 hodiernum
465 362 570 413 B'ofl
599 363 664 399 vel
686 363 796 413 Kist,
826 361 875 399 ad
901 362 1028 413 ipsam
1053 362 1143 399 Nili.
1173 363 1304 413 ripam
1328 364 1462 410 situm,
1493 370 1587 401 nonx

201 440 286 464 esse
313 426 488 478 Copturn
519 430 746 481 antiquam,
773 428 844 465 sed
864 430 1024 476 vicum,
1056 444 1136 482 quo
1160 444 1237 481 pro
1261 437 1385 481 portu
1421 445 1491 468 usa
1526 433 1580 468 sit

204 492 380 544 Coptus,
411 496 506 533 urbs
529 497 837 543 mediterranea,
866 503 908 534 et
934 497 975 534 in
1002 511 1083 549 quo
1105 511 1259 535 nomen
1286 499 1372 535 eius
1392 497 1581 536 haeserit.

201 558 396 602 Ramusio
414 564 596 614 putabat,
626 563 801 615 Coptum
827 563 951 602 hodie
972 565 1132 602 Canam
1153 564 1235 602 dici
1259 579 1289 602 s.
1314 566 1583 603 Clamant.—

203 638 257 678 29
290 641 369 680 seq.
410 631 502 667 Nos
541 631 770 669 reseremus
802 634 960 677 scelus,
1010 646 1091 670 non
1120 632 1239 669 unius
1272 632 1470 679 hominis,
1510 632 1588 669 sed

203 694 345 746 vulgi,
377 699 504 735 totius
536 699 703 749 populi,
749 700 867 752 quale
900 713 1121 752 numquam
1148 699 1334 737 auditum
1374 707 1435 738 cst
1462 714 1537 738 nec
1562 713 1586 737 a

208 763 403 815 Tragia-is
441 767 570 816 poetis
610 765 883 819 descriptum3
919 769 1123 820 graviora
1162 769 1322 804 canetis
1359 768 1586 811 cothurnis,

205 828 245 871 h·
267 842 301 868 e.
325 833 387 880 iis,
410 848 511 884 quae
530 834 572 872 in
590 835 814 885 >tragoediis
838 836 971 874 solent
991 834 1172 873 tractari.
1194 848 1232 871 v.
1259 834 1309 871 ad
1329 835 1402 882 VI,
1425 836 1516 874 506.
1533 856 1589 865 —-

204 897 278 938 30:
301 914 328 936 α
354 902 547 946 Pyrrha,
576 902 672 940 inde
696 918 718 941 a
740 910 924 954 tempore
946 902 1154 954 Pyrrhae,
1182 903 1221 941 h.
1248 917 1281 941 e.
1303 903 1446 941 diluvii
1465 933 1474 950 ‚
1506 917 1588 956 quo

205 964 437 1007 Deucalion
461 976 502 1007 et
530 970 713 1022 Pyrrha,
743 982 851 1008 uxor
876 972 985 1019 eius,
1015 972 1172 1019 vixere,
1200 977 1248 1009 ut
1264 985 1353 1022 sup.
1378 971 1411 1018 I,
1435 972 1483 1010 81
1506 985 1588 1022 seq.

208 1034 274 1070 Ex
315 1049 393 1086 quo
430 1038 677 1076 Deucalion·
709 1039 862 1076 nimbis
902 1039 1141 1076 tollentibus
1195 1052 1348 1090 aequor
1397 1040 1592 1089 lVavigio

209 1107 385 1140 montem
414 1105 630 1143 adscendit
646 1113 724 1144 cet.
750 1107 822 1144 ubi
845 1119 884 1144 v.
911 1112 992 1144 not.
1109 1115 1313 1157 syrmata,
1344 1104 1593 1155 tragoedias3

208 1166 282 1216 (ut
297 1183 357 1221 ap.
381 1171 560 1211 Martial.
579 1172 652 1222 IV,
677 1176 743 1227 49,
763 1176 799 1213 8.
820 1179 863 1214 et
883 1173 982 1222 XII,
1007 1175 1072 1225 96,
1102 1177 1162 1223 4.)
1194 1187 1230 1213 v.
1254 1173 1305 1212 ad
1326 1171 1446 1217 VIII,
1475 1185 1567 1224 229.

322 1306 376 1343 33
406 1320 487 1359 seq.
546 1308 610 1346 Cf.
648 1309 699 1347 ad
736 1324 775 1348 v.
816 1323 855 1348 2.
967 1310 1080 1348 Inter
1112 1311 1327 1359 finitimos
1368 1310 1516 1360 Copto-s·
1558 1317 1599 1348 ec

215 1374 407 1424 Tentyra,
438 1374 477 1413 h.
502 1390 536 1414 e.
558 1377 670 1415 inter
693 1376 793 1415 haee
818 1378 992 1415 finitima
1016 1377 1166 1429 oppida
1187 1391 1410 1429 eorumque
1431 1378 1597 1415 incolas.

210 1441 276 1478 34.
304 1443 470 1480 Vulnus
499 1444 645 1491 animi,
679 1444 799 1483 dolor
832 1446 900 1483 vel
923 1445 1152 1495 indignatio
1180 1453 1221 1483 et
1245 1446 1327 1493 ira,
1367 1445 1439 1482 Gr.
1470 1447 1598 1491 ἕλκος.

213 1508 278 1554 Cf.
299 1509 396 1547 Var.
415 1509 534 1547 Lect.
564 1532 618 1539 --
698 1513 763 1549 35.
796 1513 972 1563 Copto-⁹,
1012 1527 1050 1550 v.
1072 1513 1121 1549 ad
1146 1527 1184 1550 v.
1208 1514 1272 1550 28.
1332 1514 1442 1550 Vera
1464 1520 1600 1551 autem

214 1575 384 1613 videtur
404 1575 504 1614 haec
529 1578 654 1615 lectio
684 1592 780 1626 esse,
811 1593 893 1617 non
926 1580 1085 1617 Ombos
1115 1593 1153 1617 v.
1180 1581 1276 1616 Var.
1302 1580 1417 1617 Lect.
1492 1582 1600 1617 Ten-

212 1652 304 1694 tyra
326 1644 393 1681 vel
432 1645 645 1694 Tentyri-9,
677 1643 711 1667 ¹9
751 1646 844 1684 hod.
877 1647 1098 1690 Dendera,
1139 1648 1236 1684 urbs
1269 1646 1526 1694 Thebaidos,
1555 1648 1600 1685 iu

214 1711 383 1749 Africae
404 1712 531 1751 latere
553 1725 625 1749 seu
646 1712 696 1750 ad
718 1713 1012 1751 occidentalem
1034 1714 1122 1751 Nili
1147 1715 1279 1764 ripam
1319 1714 1393 1751 sita
1429 1720 1470 1750 et
1503 1727 1604 1764 pro-

216 1779 329 1817 xima
353 1778 544 1830 Diospoli
562 1790 738 1831 parvae,
781 1790 820 1824 (a
853 1795 930 1833 qua
958 1794 1100 1818 versus
1136 1786 1318 1818 austrum
1352 1795 1438 1818 eam
1470 1782 1526 1819 M.
1559 1782 1604 1818 Ρ.

218 1846 406 1885 XXVII.
443 1847 580 1885 abesse
616 1847 735 1886 docet
765 1849 1025 1892 Antoninus)
1059 1849 1168 1886 unde
1214 1849 1456 1900 Τεντυρίτης
1485 1843 1609 1900 νομός·

220 1914 374 1952 dictus:
403 1913 523 1966 (Plin.
550 1916 600 1961 V,
623 1915 683 1967 9.)
703 1917 774 1955 ubi
794 1916 996 1968 permulta
1018 1915 1149 1953 adhuc
1171 1916 1438 1967 reperiuntur
1459 1916 1610 1953 rudera.

222 1981 316 2020 (zum
345 1988 409 2019 tot
436 1984 544 2020 notis
573 1982 914 2034 hieroglyphici3‚
953 1991 999 2021 ut
1031 1985 1104 2021 vix
1134 1997 1209 2035 per
1237 1997 1387 2021 annum
1413 1983 1611 2021 delineari

220 2050 390 2100 possint.
419 2046 461 2069 ²⁰
576 2053 802 2103 utrimque,
850 2052 899 2089 ab
944 2057 1119 2103 utraque
1164 2057 1302 2102 parte,
1348 2051 1522 2088 civitate.
1555 2072 1610 2081 --

222 2121 276 2160 36
301 2134 382 2172 seq.
424 2133 462 2156 v.
494 2132 583 2169 sup,
616 2118 666 2156 ad
704 2131 742 2156 v.
781 2132 820 2156 2.
851 2141 903 2148 -
989 2120 1055 2156 38.
1081 2126 1262 2168 tempore
1290 2119 1405 2168 fisto
1436 2119 1611 2155 alterius

221 2189 388 2239 populi,
421 2187 756 2237 Tentyrimrum3
783 2183 845 2240 (ut
858 2188 973 2234 v.73.
996 2199 1100 2236 pars
1127 2186 1280 2232 altera)
1313 2191 1357 2222 ut
1372 2185 1439 2222 alii
1455 2191 1612 2236 putant,

226 2254 498 2306 Coptitarum.
558 2253 678 2292 Cons.
703 2254 753 2292 ad
783 2268 820 2292 v.
863 2255 912 2302 75
936 2267 1017 2305 seq.
1131 2253 1362 2304 rapienda,
1401 2251 1613 2302 captanda,

224 2322 375 2372 raptim
419 2327 459 2358 et
492 2320 639 2373 cupide
671 2321 976 2373 amplectendam
1015 2334 1109 2358 nam
1144 2331 1288 2371 rapere
1325 2334 1354 2357 s.
1390 2322 1610 2369 corripere,

225 2402 282 2439 gr.
310 2385 538 2440 ἁρπάζειν,
582 2389 736 2428 dicitur
767 2403 844 2441 pro
875 2389 1022 2440 raptim
1053 2388 1139 2425 sive
1173 2387 1309 2426 facere
1335 2387 1423 2425 sive
1451 2400 1611 2438 capere,

226 2468 265 2492 v.
287 2469 321 2492 c.
344 2462 526 2508 tempus,
558 2456 690 2505 diem,
717 2469 917 2509 pugnam,
949 2469 1130 2507 gressus,
1160 2456 1312 2503 letum,
1350 2455 1471 2503 viam,
1500 2467 1614 2492 cam-

235 2620 238 2624 ·
279 2611 331 2643 19.
362 2601 455 2643 plur.
491 2614 615 2642 num.,
649 2601 692 2635 τὰ
728 2603 894 2646 Τίντυρα,
952 2602 1043 2634 Ptol.
1070 2609 1103 2633 et
1127 2601 1172 2632 al.
1195 2599 1364 2643 Tentyris
1380 2610 1435 2642 ap.
1456 2598 1549 2632 pun.
1568 2597 1617 2639 V,·

229 2657 264 2691 h.
291 2659 316 2689 l.
344 2665 380 2688 et
414 2657 477 2689 ins.
506 2670 537 2691 v.
572 2657 624 2701 30.
656 2659 717 2692 sed
738 2662 828 2702 sing.
858 2661 894 2691 in
953 2669 985 2704 9.
1010 2671 1037 2694 ε.
1070 2670 1118 2689 ι..
1150 2657 1204 2688 sbi
1231 2669 1263 2688 v.
1287 2655 1395 2689 Hard.

226 2711 335 2760 Notit·
372 2710 462 2756 Imp.
512 2715 627 2756 Rom„
671 2717 727 2760 api.
764 2715 902 2762 Strab2
999 2725 1059 2751 20.
1088 2727 1120 2748 v.
1146 2714 1287 2757 Eraee’s
1308 2714 1450 2747 Travels
1477 2720 1513 2745 ιο
1538 2709 1615 2745 dis-
