<?xml version="1.0" encoding="UTF-8"?>
<!DOCTYPE html PUBLIC "-//W3C//DTD XHTML 1.0 Transitional//EN"
    "http://www.w3.org/TR/xhtml1/DTD/xhtml1-transitional.dtd">
<html xmlns="http://www.w3.org/1999/xhtml" xml:lang="en" lang="en">
 <head>
  <title>
</title>
<meta http-equiv="Content-Type" content="text/html;charset=utf-8" />
  <meta name='ocr-system' content='tesseract 3.04.00' />
  <meta name='ocr-capabilities' content='ocr_page ocr_carea ocr_par ocr_line ocrx_word'/>
</head>
<body>
  <div class='ocr_page' id='page_1' title='image "./satirae16adoptim021juveuoft_0777.png"; bbox 0 0 1686 3089; ppageno 0'>
   <div class='ocr_carea' id='block_1_1' title="bbox 409 168 1463 224">
    <p class='ocr_par' dir='ltr' id='par_1_1' title="bbox 409 168 1463 224">
     <span class='ocr_line' id='line_1_1' title="bbox 409 168 1463 224; baseline -0.002 -14"><span class='ocrx_word' id='word_1_1' title='bbox 409 169 484 210; x_wconf 75' lang='lat' dir='ltr'><strong>IN</strong></span> <span class='ocrx_word' id='word_1_2' title='bbox 519 169 761 210; x_wconf 65' lang='lat' dir='ltr'><strong>1vvizu.r</strong></span> <span class='ocrx_word' id='word_1_3' title='bbox 799 168 939 208; x_wconf 83' lang='lat' dir='ltr'><strong>sAT.</strong></span> <span class='ocrx_word' id='word_1_4' title='bbox 981 169 1073 209; x_wconf 81' lang='lat' dir='ltr'><strong>xv.</strong></span> <span class='ocrx_word' id='word_1_5' title='bbox 1383 187 1463 224; x_wconf 44' lang='lat' dir='ltr'><strong>m</strong></span> 
     </span>
    </p>
   </div>
   <div class='ocr_carea' id='block_1_2' title="bbox 39 285 1489 2566">
    <p class='ocr_par' dir='ltr' id='par_1_2' title="bbox 39 285 1465 473">
     <span class='ocr_line' id='line_1_2' title="bbox 75 285 1464 338; baseline -0.001 -13"><span class='ocrx_word' id='word_1_6' title='bbox 75 286 289 326; x_wconf 73' lang='lat' dir='ltr'><strong>umbrosae</strong></span> <span class='ocrx_word' id='word_1_7' title='bbox 320 286 512 336; x_wconf 79' lang='lat' dir='ltr'><strong>palmae,</strong></span> <span class='ocrx_word' id='word_1_8' title='bbox 541 285 582 324; x_wconf 86' lang='lat' dir='ltr'><strong>h.</strong></span> <span class='ocrx_word' id='word_1_9' title='bbox 605 299 640 324; x_wconf 84' lang='lat' dir='ltr'><strong>e.</strong></span> <span class='ocrx_word' id='word_1_10' title='bbox 658 285 803 338; x_wconf 68' lang='lat' dir='ltr'><strong>palmis</strong></span> <span class='ocrx_word' id='word_1_11' title='bbox 825 285 1029 323; x_wconf 86' lang='lat' dir='ltr'><strong>umbrosis</strong></span> <span class='ocrx_word' id='word_1_12' title='bbox 1054 286 1141 322; x_wconf 81' lang='lat' dir='ltr'><strong>sive</strong></span> <span class='ocrx_word' id='word_1_13' title='bbox 1176 287 1382 338; x_wconf 74' lang='lat' dir='ltr'><strong>palmetis,</strong></span> <span class='ocrx_word' id='word_1_14' title='bbox 1413 287 1464 325; x_wconf 65' lang='lat' dir='ltr'><strong>de</strong></span> 
     </span>
     <span class='ocr_line' id='line_1_3' title="bbox 39 348 1465 407; baseline 0.002 -17"><span class='ocrx_word' id='word_1_15' title='bbox 39 348 41 352; x_wconf 45' lang='lat'><strong><em>⁴</em></strong></span> <span class='ocrx_word' id='word_1_16' title='bbox 76 354 223 405; x_wconf 82' lang='lat' dir='ltr'><strong>quibus</strong></span> <span class='ocrx_word' id='word_1_17' title='bbox 245 367 283 391; x_wconf 81' lang='lat' dir='ltr'><strong>v.</strong></span> <span class='ocrx_word' id='word_1_18' title='bbox 307 353 365 391; x_wconf 88' lang='lat' dir='ltr'><strong>Io.</strong></span> <span class='ocrx_word' id='word_1_19' title='bbox 386 353 501 404; x_wconf 81' lang='lat' dir='ltr'><strong>Bapt.</strong></span> <span class='ocrx_word' id='word_1_20' title='bbox 527 354 648 393; x_wconf 84' lang='lat' dir='ltr'><strong>Porta</strong></span> <span class='ocrx_word' id='word_1_21' title='bbox 675 353 726 391; x_wconf 91' lang='lat' dir='ltr'><strong>de</strong></span> <span class='ocrx_word' id='word_1_22' title='bbox 758 353 984 392; x_wconf 64' lang='lat' dir='ltr'><strong>term-stica</strong></span> <span class='ocrx_word' id='word_1_23' title='bbox 1017 367 1056 404; x_wconf 88' lang='lat' dir='ltr'><strong>p.</strong></span> <span class='ocrx_word' id='word_1_24' title='bbox 1079 354 1172 391; x_wconf 81' lang='lat'><strong>350.</strong></span> <span class='ocrx_word' id='word_1_25' title='bbox 1207 361 1254 391; x_wconf 83' lang='lat' dir='ltr'><strong>ut</strong></span> <span class='ocrx_word' id='word_1_26' title='bbox 1287 354 1337 392; x_wconf 86' lang='lat' dir='ltr'><strong>de</strong></span> <span class='ocrx_word' id='word_1_27' title='bbox 1374 357 1465 407; x_wconf 77' lang='lat' dir='ltr'><strong>pal-</strong></span> 
     </span>
     <span class='ocr_line' id='line_1_4' title="bbox 73 419 1463 473; baseline 0.001 -15"><span class='ocrx_word' id='word_1_28' title='bbox 73 421 151 459; x_wconf 83' lang='lat' dir='ltr'><strong>mis</strong></span> <span class='ocrx_word' id='word_1_29' title='bbox 169 421 383 473; x_wconf 81' lang='lat' dir='ltr'><strong>Aegyptiis</strong></span> <span class='ocrx_word' id='word_1_30' title='bbox 405 420 704 473; x_wconf 84' lang='lat' dir='ltr'><strong>Thebaicisque</strong></span> <span class='ocrx_word' id='word_1_31' title='bbox 728 421 871 459; x_wconf 83' lang='lat' dir='ltr'><strong>Galen.</strong></span> <span class='ocrx_word' id='word_1_32' title='bbox 895 419 946 458; x_wconf 87' lang='lat' dir='ltr'><strong>de</strong></span> <span class='ocrx_word' id='word_1_33' title='bbox 982 420 1089 457; x_wconf 86' lang='lat' dir='ltr'><strong>alim.</strong></span> <span class='ocrx_word' id='word_1_34' title='bbox 1113 421 1169 464; x_wconf 84' lang='lat'><strong>11,</strong></span> <span class='ocrx_word' id='word_1_35' title='bbox 1192 421 1257 458; x_wconf 80' lang='lat'><strong>26.</strong></span> <span class='ocrx_word' id='word_1_36' title='bbox 1297 429 1338 460; x_wconf 74' lang='lat' dir='ltr'><strong>et</strong></span> <span class='ocrx_word' id='word_1_37' title='bbox 1358 424 1463 460; x_wconf 72' lang='lat' dir='ltr'><strong>Plin.</strong></span> 
     </span>
    </p>

    <p class='ocr_par' dir='ltr' id='par_1_3' title="bbox 75 487 257 538">
     <span class='ocr_line' id='line_1_5' title="bbox 75 487 257 538; baseline 0.005 -12"><span class='ocrx_word' id='word_1_38' title='bbox 75 487 194 538; x_wconf 86' lang='lat' dir='ltr'>XIII,</span> <span class='ocrx_word' id='word_1_39' title='bbox 219 489 257 527; x_wconf 74' lang='lat'><strong>4.</strong></span> 
     </span>
    </p>

    <p class='ocr_par' dir='ltr' id='par_1_4' title="bbox 65 554 1470 944">
     <span class='ocr_line' id='line_1_6' title="bbox 91 554 1465 608; baseline 0.002 -15"><span class='ocrx_word' id='word_1_40' title='bbox 91 563 93 566; x_wconf 89' lang='grc'><strong>’</strong></span> <span class='ocrx_word' id='word_1_41' title='bbox 191 564 239 605; x_wconf 89' lang='lat'><strong>77</strong></span> <span class='ocrx_word' id='word_1_42' title='bbox 263 570 346 608; x_wconf 85' lang='lat' dir='ltr'><strong>seq.</strong></span> <span class='ocrx_word' id='word_1_43' title='bbox 377 554 497 593; x_wconf 89' lang='lat' dir='ltr'><strong>Cons.</strong></span> <span class='ocrx_word' id='word_1_44' title='bbox 522 554 572 593; x_wconf 87' lang='lat' dir='ltr'><strong>ad</strong></span> <span class='ocrx_word' id='word_1_45' title='bbox 594 569 632 594; x_wconf 83' lang='lat' dir='ltr'><strong>v.</strong></span> <span class='ocrx_word' id='word_1_46' title='bbox 665 557 725 594; x_wconf 83' lang='lat'><strong>13.</strong></span> <span class='ocrx_word' id='word_1_47' title='bbox 750 556 922 608; x_wconf 82' lang='lat' dir='ltr'><strong>quidam</strong></span> <span class='ocrx_word' id='word_1_48' title='bbox 946 554 1215 606; x_wconf 80' lang='lat' dir='ltr'><strong>Coptitarum.</strong></span> <span class='ocrx_word' id='word_1_49' title='bbox 1268 560 1465 604; x_wconf 65' lang='lat'><strong>78—83.</strong></span> 
     </span>
     <span class='ocr_line' id='line_1_7' title="bbox 75 622 1466 676; baseline 0.002 -16"><span class='ocrx_word' id='word_1_50' title='bbox 75 622 142 660; x_wconf 91' lang='lat' dir='ltr'><strong>En</strong></span> <span class='ocrx_word' id='word_1_51' title='bbox 163 623 280 674; x_wconf 85' lang='lat' dir='ltr'><strong>plura</strong></span> <span class='ocrx_word' id='word_1_52' title='bbox 301 623 414 661; x_wconf 88' lang='lat' dir='ltr'><strong>dirae</strong></span> <span class='ocrx_word' id='word_1_53' title='bbox 438 622 747 661; x_wconf 78' lang='lat' dir='ltr'><strong>inhumanitatis</strong></span> <span class='ocrx_word' id='word_1_54' title='bbox 773 623 946 671; x_wconf 86' lang='lat' dir='ltr'><strong>indicia,</strong></span> <span class='ocrx_word' id='word_1_55' title='bbox 985 636 1087 674; x_wconf 84' lang='lat' dir='ltr'><strong>quae</strong></span> <span class='ocrx_word' id='word_1_56' title='bbox 1112 624 1270 661; x_wconf 82' lang='lat' dir='ltr'><strong>animus</strong></span> <span class='ocrx_word' id='word_1_57' title='bbox 1294 626 1466 676; x_wconf 64' lang='lat' dir='ltr'><strong>legentis</strong></span> 
     </span>
     <span class='ocr_line' id='line_1_8' title="bbox 75 678 1468 742; baseline 0.004 -16"><span class='ocrx_word' id='word_1_58' title='bbox 75 678 242 728; x_wconf 68' lang='lat' dir='ltr'><strong>horret!</strong></span> <span class='ocrx_word' id='word_1_59' title='bbox 361 692 426 729; x_wconf 88' lang='lat'><strong>80.</strong></span> <span class='ocrx_word' id='word_1_60' title='bbox 468 691 703 741; x_wconf 58' lang='lat' dir='ltr'><strong>Sufficerent,</strong></span> <span class='ocrx_word' id='word_1_61' title='bbox 748 691 830 728; x_wconf 82' lang='lat' dir='ltr'><strong>cibi</strong></span> <span class='ocrx_word' id='word_1_62' title='bbox 863 691 956 728; x_wconf 83' lang='lat' dir='ltr'><strong>loco</strong></span> <span class='ocrx_word' id='word_1_63' title='bbox 980 704 1067 728; x_wconf 88' lang='lat' dir='ltr'><strong>esse</strong></span> <span class='ocrx_word' id='word_1_64' title='bbox 1089 698 1252 742; x_wconf 73' lang='lat' dir='ltr'><strong>posset,</strong></span> <span class='ocrx_word' id='word_1_65' title='bbox 1289 694 1379 738; x_wconf 76' lang='lat' dir='ltr'><strong>vel,</strong></span> <span class='ocrx_word' id='word_1_66' title='bbox 1419 702 1468 733; x_wconf 81' lang='lat' dir='ltr'><strong>ut</strong></span> 
     </span>
     <span class='ocr_line' id='line_1_9' title="bbox 77 758 1468 811; baseline 0.003 -15"><span class='ocrx_word' id='word_1_67' title='bbox 77 758 249 809; x_wconf 82' lang='lat' dir='ltr'><strong>quisque</strong></span> <span class='ocrx_word' id='word_1_68' title='bbox 274 759 480 809; x_wconf 84' lang='lat' dir='ltr'><strong>acciperet</strong></span> <span class='ocrx_word' id='word_1_69' title='bbox 499 758 673 810; x_wconf 83' lang='lat' dir='ltr'>aliquam</span> <span class='ocrx_word' id='word_1_70' title='bbox 697 758 852 798; x_wconf 84' lang='lat' dir='ltr'><strong>mortui</strong></span> <span class='ocrx_word' id='word_1_71' title='bbox 874 764 1041 809; x_wconf 88' lang='lat' dir='ltr'><strong>partem.</strong></span> <span class='ocrx_word' id='word_1_72' title='bbox 1126 760 1190 797; x_wconf 81' lang='lat'><strong>83.</strong></span> <span class='ocrx_word' id='word_1_73' title='bbox 1215 760 1468 811; x_wconf 69' lang='lat' dir='ltr'><strong>Exspectare</strong></span> 
     </span>
     <span class='ocr_line' id='line_1_10' title="bbox 65 824 1470 882; baseline 0.005 -21"><span class='ocrx_word' id='word_1_74' title='bbox 65 825 213 876; x_wconf 71' lang='lat' dir='ltr'><strong>jhc-03,</strong></span> <span class='ocrx_word' id='word_1_75' title='bbox 248 825 287 862; x_wconf 83' lang='lat'><strong>11.</strong></span> <span class='ocrx_word' id='word_1_76' title='bbox 310 839 342 862; x_wconf 92' lang='lat' dir='ltr'><strong>e.</strong></span> <span class='ocrx_word' id='word_1_77' title='bbox 369 832 553 876; x_wconf 88' lang='lat' dir='ltr'><strong>tempus,</strong></span> <span class='ocrx_word' id='word_1_78' title='bbox 583 824 692 878; x_wconf 86' lang='lat' dir='ltr'><strong>quod</strong></span> <span class='ocrx_word' id='word_1_79' title='bbox 723 824 774 862; x_wconf 91' lang='lat' dir='ltr'><strong>ad</strong></span> <span class='ocrx_word' id='word_1_80' title='bbox 807 838 973 863; x_wconf 88' lang='lat' dir='ltr'><strong>carnem</strong></span> <span class='ocrx_word' id='word_1_81' title='bbox 998 824 1042 862; x_wconf 88' lang='lat' dir='ltr'><strong>in</strong></span> <span class='ocrx_word' id='word_1_82' title='bbox 1066 825 1165 865; x_wconf 85' lang='lat' dir='ltr'><strong>soco-</strong></span> <span class='ocrx_word' id='word_1_83' title='bbox 1194 828 1262 865; x_wconf 82' lang='lat' dir='ltr'><strong>vel</strong></span> <span class='ocrx_word' id='word_1_84' title='bbox 1285 842 1470 882; x_wconf 55' lang='lat' dir='ltr'><strong>coquen⁴</strong></span> 
     </span>
     <span class='ocr_line' id='line_1_11' title="bbox 77 891 768 944; baseline -0.001 -14"><span class='ocrx_word' id='word_1_85' title='bbox 77 891 170 930; x_wconf 87' lang='lat' dir='ltr'><strong>dam</strong></span> <span class='ocrx_word' id='word_1_86' title='bbox 192 892 263 930; x_wconf 81' lang='lat' dir='ltr'><strong>vel</strong></span> <span class='ocrx_word' id='word_1_87' title='bbox 293 892 501 930; x_wconf 82' lang='lat' dir='ltr'><strong>assandam</strong></span> <span class='ocrx_word' id='word_1_88' title='bbox 525 893 768 944; x_wconf 85' lang='lat' dir='ltr'><strong>requiritur.</strong></span> 
     </span>
    </p>

    <p class='ocr_par' dir='ltr' id='par_1_5' title="bbox 77 959 1489 2566">
     <span class='ocr_line' id='line_1_12' title="bbox 190 959 1470 1011; baseline 0.005 -14"><span class='ocrx_word' id='word_1_89' title='bbox 190 960 243 998; x_wconf 78' lang='lat'><strong>84</strong></span> <span class='ocrx_word' id='word_1_90' title='bbox 259 982 311 991; x_wconf 89' lang='lat'><em>-</em></span> <span class='ocrx_word' id='word_1_91' title='bbox 328 961 392 1009; x_wconf 88' lang='lat'><strong>87.</strong></span> <span class='ocrx_word' id='word_1_92' title='bbox 433 959 735 998; x_wconf 86' lang='lat' dir='ltr'><strong>Immanitatem</strong></span> <span class='ocrx_word' id='word_1_93' title='bbox 760 960 1072 1011; x_wconf 81' lang='lat' dir='ltr'><strong>Tentyritarmn</strong></span> <span class='ocrx_word' id='word_1_94' title='bbox 1085 991 1096 1009; x_wconf 93' lang='lat'><strong>,</strong></span> <span class='ocrx_word' id='word_1_95' title='bbox 1139 962 1306 1001; x_wconf 79' lang='lat' dir='ltr'><strong>crudam</strong></span> <span class='ocrx_word' id='word_1_96' title='bbox 1329 963 1470 1006; x_wconf 85' lang='lat' dir='ltr'><strong>homi-</strong></span> 
     </span>
     <span class='ocr_line' id='line_1_13' title="bbox 77 1026 1469 1078; baseline 0.005 -14"><span class='ocrx_word' id='word_1_97' title='bbox 77 1027 142 1065; x_wconf 88' lang='lat' dir='ltr'><strong>nis</strong></span> <span class='ocrx_word' id='word_1_98' title='bbox 183 1040 349 1064; x_wconf 89' lang='lat' dir='ltr'><strong>carnem</strong></span> <span class='ocrx_word' id='word_1_99' title='bbox 385 1026 505 1064; x_wconf 90' lang='lat' dir='ltr'><strong>avide</strong></span> <span class='ocrx_word' id='word_1_100' title='bbox 538 1027 873 1078; x_wconf 64' lang='lat' dir='ltr'><strong>deglutiendum,</strong></span> <span class='ocrx_word' id='word_1_101' title='bbox 917 1026 1062 1073; x_wconf 73' lang='grc' dir='ltr'><em>δεινῶς</em></span> <span class='ocrx_word' id='word_1_102' title='bbox 1103 1029 1227 1067; x_wconf 82' lang='lat' dir='ltr'><strong>simul</strong></span> <span class='ocrx_word' id='word_1_103' title='bbox 1262 1038 1304 1068; x_wconf 84' lang='lat' dir='ltr'><strong>et</strong></span> <span class='ocrx_word' id='word_1_104' title='bbox 1335 1033 1469 1070; x_wconf 78' lang='lat' dir='ltr'><strong>facete</strong></span> 
     </span>
     <span class='ocr_line' id='line_1_14' title="bbox 78 1093 1472 1151; baseline 0.005 -19"><span class='ocrx_word' id='word_1_105' title='bbox 78 1094 297 1133; x_wconf 82' lang='lat' dir='ltr'><strong>adumbrat</strong></span> <span class='ocrx_word' id='word_1_106' title='bbox 328 1100 475 1146; x_wconf 88' lang='lat' dir='ltr'><strong>poeta,</strong></span> <span class='ocrx_word' id='word_1_107' title='bbox 523 1093 685 1143; x_wconf 86' lang='lat' dir='ltr'><strong>dicens,</strong></span> <span class='ocrx_word' id='word_1_108' title='bbox 740 1100 823 1133; x_wconf 87' lang='lat' dir='ltr'><strong>tam</strong></span> <span class='ocrx_word' id='word_1_109' title='bbox 856 1095 993 1134; x_wconf 81' lang='lat' dir='ltr'><strong>dirum</strong></span> <span class='ocrx_word' id='word_1_110' title='bbox 1025 1109 1113 1133; x_wconf 87' lang='lat' dir='ltr'><strong>esse</strong></span> <span class='ocrx_word' id='word_1_111' title='bbox 1147 1098 1278 1135; x_wconf 85' lang='lat' dir='ltr'><strong>scelus</strong></span> <span class='ocrx_word' id='word_1_112' title='bbox 1314 1113 1472 1151; x_wconf 83' lang='lat' dir='ltr'><strong>eorum,</strong></span> 
     </span>
     <span class='ocr_line' id='line_1_15' title="bbox 78 1162 1471 1218; baseline 0.006 -19"><span class='ocrx_word' id='word_1_113' title='bbox 78 1167 130 1205; x_wconf 80' lang='lat' dir='ltr'><strong>ut</strong></span> <span class='ocrx_word' id='word_1_114' title='bbox 150 1162 211 1199; x_wconf 87' lang='lat' dir='ltr'><strong>sas</strong></span> <span class='ocrx_word' id='word_1_115' title='bbox 236 1162 289 1200; x_wconf 85' lang='lat' dir='ltr'><strong>sit</strong></span> <span class='ocrx_word' id='word_1_116' title='bbox 313 1162 498 1213; x_wconf 77' lang='lat' dir='ltr'><strong>gaudere</strong></span> <span class='ocrx_word' id='word_1_117' title='bbox 525 1167 568 1200; x_wconf 80' lang='lat' dir='ltr'><strong>et</strong></span> <span class='ocrx_word' id='word_1_118' title='bbox 589 1162 806 1213; x_wconf 75' lang='lat' dir='ltr'><strong>gratulari</strong></span> <span class='ocrx_word' id='word_1_119' title='bbox 837 1165 958 1214; x_wconf 71' lang='lat' dir='ltr'><strong>igni,</strong></span> <span class='ocrx_word' id='word_1_120' title='bbox 999 1169 1203 1216; x_wconf 81' lang='lat' dir='ltr'><strong>tamquam</strong></span> <span class='ocrx_word' id='word_1_121' title='bbox 1227 1167 1289 1204; x_wconf 84' lang='lat' dir='ltr'><strong>rei</strong></span> <span class='ocrx_word' id='word_1_122' title='bbox 1321 1182 1471 1218; x_wconf 61' lang='lat' dir='ltr'><strong>sacrae,</strong></span> 
     </span>
     <span class='ocr_line' id='line_1_16' title="bbox 81 1229 1473 1282; baseline 0.006 -15"><span class='ocrx_word' id='word_1_123' title='bbox 81 1229 192 1282; x_wconf 86' lang='lat' dir='ltr'><strong>quod</strong></span> <span class='ocrx_word' id='word_1_124' title='bbox 228 1243 317 1267; x_wconf 87' lang='lat' dir='ltr'><strong>eam</strong></span> <span class='ocrx_word' id='word_1_125' title='bbox 345 1243 429 1266; x_wconf 90' lang='lat' dir='ltr'><strong>non</strong></span> <span class='ocrx_word' id='word_1_126' title='bbox 458 1230 711 1267; x_wconf 65' lang='lat' dir='ltr'><strong>violaverint</strong></span> <span class='ocrx_word' id='word_1_127' title='bbox 745 1236 915 1267; x_wconf 86' lang='lat' dir='ltr'><strong>coctura</strong></span> <span class='ocrx_word' id='word_1_128' title='bbox 948 1232 1080 1269; x_wconf 77' lang='lat' dir='ltr'><strong>carnis</strong></span> <span class='ocrx_word' id='word_1_129' title='bbox 1112 1230 1312 1272; x_wconf 79' lang='lat' dir='ltr'><strong>humanae</strong></span> <span class='ocrx_word' id='word_1_130' title='bbox 1342 1243 1382 1274; x_wconf 83' lang='lat' dir='ltr'><strong>et</strong></span> <span class='ocrx_word' id='word_1_131' title='bbox 1413 1237 1473 1275; x_wconf 86' lang='lat' dir='ltr'><strong>sie</strong></span> 
     </span>
     <span class='ocr_line' id='line_1_17' title="bbox 82 1296 1475 1354; baseline 0.006 -19"><span class='ocrx_word' id='word_1_132' title='bbox 82 1298 214 1335; x_wconf 82' lang='lat' dir='ltr'><strong>scelus</strong></span> <span class='ocrx_word' id='word_1_133' title='bbox 236 1297 384 1334; x_wconf 87' lang='lat' dir='ltr'><strong>sceleri</strong></span> <span class='ocrx_word' id='word_1_134' title='bbox 407 1296 652 1335; x_wconf 87' lang='lat' dir='ltr'><strong>addiderint.</strong></span> <span class='ocrx_word' id='word_1_135' title='bbox 711 1297 918 1349; x_wconf 86' lang='lat' dir='ltr'><strong>Suspicari</strong></span> <span class='ocrx_word' id='word_1_136' title='bbox 939 1300 1094 1350; x_wconf 85' lang='lat' dir='ltr'><strong>possis,</strong></span> <span class='ocrx_word' id='word_1_137' title='bbox 1123 1314 1217 1338; x_wconf 85' lang='lat' dir='ltr'><strong>eum</strong></span> <span class='ocrx_word' id='word_1_138' title='bbox 1239 1305 1475 1354; x_wconf 76' lang='lat' dir='ltr'><strong>respexisse</strong></span> 
     </span>
     <span class='ocr_line' id='line_1_18' title="bbox 84 1363 1475 1418; baseline 0.006 -15"><span class='ocrx_word' id='word_1_139' title='bbox 84 1365 137 1403; x_wconf 83' lang='lat' dir='ltr'><strong>ad</strong></span> <span class='ocrx_word' id='word_1_140' title='bbox 166 1371 356 1412; x_wconf 85' lang='lat' dir='ltr'><strong>veterum</strong></span> <span class='ocrx_word' id='word_1_141' title='bbox 389 1363 731 1416; x_wconf 84' lang='lat' dir='ltr'><strong>philosophorum</strong></span> <span class='ocrx_word' id='word_1_142' title='bbox 759 1371 1058 1418; x_wconf 81' lang='lat' dir='ltr'><strong>poetarumque</strong></span> <span class='ocrx_word' id='word_1_143' title='bbox 1087 1369 1274 1407; x_wconf 85' lang='lat' dir='ltr'><strong>notiones</strong></span> <span class='ocrx_word' id='word_1_144' title='bbox 1308 1385 1475 1411; x_wconf 81' lang='lat' dir='ltr'><strong>cosmo—-</strong></span> 
     </span>
     <span class='ocr_line' id='line_1_19' title="bbox 83 1430 1476 1488; baseline 0.004 -15"><span class='ocrx_word' id='word_1_145' title='bbox 83 1435 247 1488; x_wconf 86' lang='lat' dir='ltr'><strong>gonicas</strong></span> <span class='ocrx_word' id='word_1_146' title='bbox 275 1432 326 1470; x_wconf 85' lang='lat' dir='ltr'><strong>de</strong></span> <span class='ocrx_word' id='word_1_147' title='bbox 353 1430 521 1470; x_wconf 84' lang='lat' dir='ltr'><strong>aethere</strong></span> <span class='ocrx_word' id='word_1_148' title='bbox 542 1444 734 1482; x_wconf 87' lang='lat' dir='ltr'><strong>supremo</strong></span> <span class='ocrx_word' id='word_1_149' title='bbox 766 1433 834 1470; x_wconf 90' lang='lat' dir='ltr'><strong>vel</strong></span> <span class='ocrx_word' id='word_1_150' title='bbox 870 1433 955 1483; x_wconf 84' lang='lat' dir='ltr'><strong>igni</strong></span> <span class='ocrx_word' id='word_1_151' title='bbox 987 1433 1204 1484; x_wconf 83' lang='lat' dir='ltr'><strong>aethereo,</strong></span> <span class='ocrx_word' id='word_1_152' title='bbox 1253 1439 1476 1480; x_wconf 69' lang='lat' dir='ltr'><strong>submissi-</strong></span> 
     </span>
     <span class='ocr_line' id='line_1_20' title="bbox 83 1499 1477 1555; baseline 0.004 -13"><span class='ocrx_word' id='word_1_153' title='bbox 83 1517 154 1542; x_wconf 88' lang='lat' dir='ltr'><strong>mo</strong></span> <span class='ocrx_word' id='word_1_154' title='bbox 178 1516 223 1541; x_wconf 87' lang='lat' dir='ltr'><strong>ac</strong></span> <span class='ocrx_word' id='word_1_155' title='bbox 247 1499 492 1555; x_wconf 80' lang='lat' dir='ltr'><strong>purissime,</strong></span> <span class='ocrx_word' id='word_1_156' title='bbox 519 1512 595 1550; x_wconf 87' lang='lat' dir='ltr'><strong>per</strong></span> <span class='ocrx_word' id='word_1_157' title='bbox 619 1504 748 1537; x_wconf 84' lang='lat' dir='ltr'><strong>totam</strong></span> <span class='ocrx_word' id='word_1_158' title='bbox 773 1506 981 1548; x_wconf 83' lang='lat' dir='ltr'><strong>naturam,</strong></span> <span class='ocrx_word' id='word_1_159' title='bbox 1025 1515 1101 1552; x_wconf 87' lang='lat' dir='ltr'><strong>per</strong></span> <span class='ocrx_word' id='word_1_160' title='bbox 1131 1506 1290 1543; x_wconf 85' lang='lat' dir='ltr'><strong>coelum</strong></span> <span class='ocrx_word' id='word_1_161' title='bbox 1318 1514 1360 1545; x_wconf 80' lang='lat' dir='ltr'><strong>et</strong></span> <span class='ocrx_word' id='word_1_162' title='bbox 1383 1515 1477 1548; x_wconf 72' lang='lat' dir='ltr'><strong>ter-³</strong></span> 
     </span>
     <span class='ocr_line' id='line_1_21' title="bbox 84 1565 1479 1630; baseline 0.007 -26"><span class='ocrx_word' id='word_1_163' title='bbox 84 1584 174 1610; x_wconf 78' lang='lat' dir='ltr'><strong>ram</strong></span> <span class='ocrx_word' id='word_1_164' title='bbox 187 1598 198 1618; x_wconf 91' lang='lat'>‚</span> <span class='ocrx_word' id='word_1_165' title='bbox 223 1582 298 1621; x_wconf 89' lang='lat' dir='ltr'><strong>per</strong></span> <span class='ocrx_word' id='word_1_166' title='bbox 330 1565 541 1605; x_wconf 79' lang='lat' dir='ltr'><strong>aetherem</strong></span> <span class='ocrx_word' id='word_1_167' title='bbox 563 1571 607 1603; x_wconf 90' lang='lat' dir='ltr'><strong>et</strong></span> <span class='ocrx_word' id='word_1_168' title='bbox 627 1566 784 1614; x_wconf 86' lang='lat' dir='ltr'><strong>sidera,</strong></span> <span class='ocrx_word' id='word_1_169' title='bbox 814 1580 890 1618; x_wconf 84' lang='lat' dir='ltr'><strong>per</strong></span> <span class='ocrx_word' id='word_1_170' title='bbox 910 1581 1052 1607; x_wconf 85' lang='lat' dir='ltr'><strong>omnes</strong></span> <span class='ocrx_word' id='word_1_171' title='bbox 1071 1583 1139 1607; x_wconf 88' lang='lat' dir='ltr'><strong>res</strong></span> <span class='ocrx_word' id='word_1_172' title='bbox 1165 1572 1283 1611; x_wconf 78' lang='lat' dir='ltr'><strong>vivas</strong></span> <span class='ocrx_word' id='word_1_173' title='bbox 1306 1575 1479 1630; x_wconf 74' lang='lat' dir='ltr'><strong>ipsaque</strong></span> 
     </span>
     <span class='ocr_line' id='line_1_22' title="bbox 84 1633 1476 1693; baseline 0.005 -17"><span class='ocrx_word' id='word_1_174' title='bbox 84 1644 224 1676; x_wconf 83' lang='lat' dir='ltr'><strong>terrae</strong></span> <span class='ocrx_word' id='word_1_175' title='bbox 245 1636 426 1681; x_wconf 77' lang='lat' dir='ltr'><strong>viscera,</strong></span> <span class='ocrx_word' id='word_1_176' title='bbox 465 1633 580 1681; x_wconf 89' lang='lat' dir='ltr'><strong>suso,</strong></span> <span class='ocrx_word' id='word_1_177' title='bbox 629 1647 832 1671; x_wconf 81' lang='lat' dir='ltr'><strong>summam</strong></span> <span class='ocrx_word' id='word_1_178' title='bbox 864 1636 969 1672; x_wconf 77' lang='lat' dir='ltr'><strong>coeli</strong></span> <span class='ocrx_word' id='word_1_179' title='bbox 994 1645 1162 1686; x_wconf 81' lang='lat' dir='ltr'><strong>partem</strong></span> <span class='ocrx_word' id='word_1_180' title='bbox 1192 1652 1237 1676; x_wconf 88' lang='lat' dir='ltr'><strong>ac</strong></span> <span class='ocrx_word' id='word_1_181' title='bbox 1264 1644 1476 1693; x_wconf 82' lang='lat' dir='ltr'><strong>regionem</strong></span> 
     </span>
     <span class='ocr_line' id='line_1_23' title="bbox 84 1701 1478 1756; baseline 0.005 -12"><span class='ocrx_word' id='word_1_182' title='bbox 84 1703 231 1744; x_wconf 84' lang='lat' dir='ltr'><strong>mundi</strong></span> <span class='ocrx_word' id='word_1_183' title='bbox 262 1705 513 1752; x_wconf 76' lang='lat' dir='ltr'><strong>occupante,</strong></span> <span class='ocrx_word' id='word_1_184' title='bbox 565 1705 770 1750; x_wconf 84' lang='lat' dir='ltr'><strong>perpetuo</strong></span> <span class='ocrx_word' id='word_1_185' title='bbox 803 1701 986 1750; x_wconf 84' lang='lat' dir='ltr'><strong>fulgente</strong></span> <span class='ocrx_word' id='word_1_186' title='bbox 1018 1708 1235 1756; x_wconf 87' lang='lat' dir='ltr'><strong>totumque</strong></span> <span class='ocrx_word' id='word_1_187' title='bbox 1277 1712 1478 1753; x_wconf 81' lang='lat' dir='ltr'><strong>mundum</strong></span> 
     </span>
     <span class='ocr_line' id='line_1_24' title="bbox 83 1767 1476 1828; baseline 0.004 -21"><span class='ocrx_word' id='word_1_188' title='bbox 83 1777 274 1823; x_wconf 85' lang='lat' dir='ltr'><strong>regente,</strong></span> <span class='ocrx_word' id='word_1_189' title='bbox 309 1772 571 1821; x_wconf 85' lang='lat' dir='ltr'><strong>permeante,</strong></span> <span class='ocrx_word' id='word_1_190' title='bbox 609 1767 839 1812; x_wconf 82' lang='lat' dir='ltr'><strong>animante,</strong></span> <span class='ocrx_word' id='word_1_191' title='bbox 880 1767 1138 1819; x_wconf 82' lang='lat' dir='ltr'><strong>vivificante,</strong></span> <span class='ocrx_word' id='word_1_192' title='bbox 1180 1787 1234 1812; x_wconf 79' lang='lat' dir='ltr'><strong>ex</strong></span> <span class='ocrx_word' id='word_1_193' title='bbox 1270 1790 1350 1828; x_wconf 83' lang='lat' dir='ltr'><strong>quo</strong></span> <span class='ocrx_word' id='word_1_194' title='bbox 1383 1783 1476 1819; x_wconf 73' lang='lat' dir='ltr'><strong>ani-</strong></span> 
     </span>
     <span class='ocr_line' id='line_1_25' title="bbox 86 1833 1479 1890; baseline 0.008 -12"><span class='ocrx_word' id='word_1_195' title='bbox 86 1853 177 1886; x_wconf 82' lang='lat' dir='ltr'><strong>mae</strong></span> <span class='ocrx_word' id='word_1_196' title='bbox 200 1838 344 1883; x_wconf 88' lang='lat' dir='ltr'><strong>etiam,</strong></span> <span class='ocrx_word' id='word_1_197' title='bbox 373 1841 581 1887; x_wconf 85' lang='lat' dir='ltr'><strong>tamquam</strong></span> <span class='ocrx_word' id='word_1_198' title='bbox 609 1833 838 1885; x_wconf 84' lang='lat' dir='ltr'><strong>particulae</strong></span> <span class='ocrx_word' id='word_1_199' title='bbox 863 1834 1080 1888; x_wconf 85' lang='lat' dir='ltr'><strong>decerptae</strong></span> <span class='ocrx_word' id='word_1_200' title='bbox 1102 1852 1131 1875; x_wconf 91' lang='lat' dir='ltr'><strong>s.</strong></span> <span class='ocrx_word' id='word_1_201' title='bbox 1157 1842 1322 1882; x_wconf 82' lang='lat' dir='ltr'><strong>avulsae</strong></span> <span class='ocrx_word' id='word_1_202' title='bbox 1347 1843 1479 1890; x_wconf 81' lang='grc' dir='ltr'><em>-οἷπο-</em></span> 
     </span>
     <span class='ocr_line' id='line_1_26' title="bbox 89 1900 1481 1962; baseline 0.006 -24"><span class='ocrx_word' id='word_1_203' title='bbox 89 1900 353 1959; x_wconf 70' lang='grc' dir='ltr'>σπάσματα),</span> <span class='ocrx_word' id='word_1_204' title='bbox 384 1915 589 1951; x_wconf 81' lang='lat' dir='ltr'><strong>emanare,</strong></span> <span class='ocrx_word' id='word_1_205' title='bbox 616 1908 657 1940; x_wconf 87' lang='lat' dir='ltr'><strong>et</strong></span> <span class='ocrx_word' id='word_1_206' title='bbox 681 1902 725 1939; x_wconf 88' lang='lat' dir='ltr'><strong>in</strong></span> <span class='ocrx_word' id='word_1_207' title='bbox 752 1915 873 1953; x_wconf 88' lang='lat' dir='ltr'><strong>quem</strong></span> <span class='ocrx_word' id='word_1_208' title='bbox 895 1910 993 1954; x_wconf 87' lang='lat' dir='ltr'><strong>post</strong></span> <span class='ocrx_word' id='word_1_209' title='bbox 1017 1911 1178 1945; x_wconf 84' lang='lat' dir='ltr'><strong>certum</strong></span> <span class='ocrx_word' id='word_1_210' title='bbox 1214 1915 1374 1962; x_wconf 76' lang='lat' dir='ltr'><strong>tempus</strong></span> <span class='ocrx_word' id='word_1_211' title='bbox 1407 1928 1481 1954; x_wconf 75' lang='lat' dir='ltr'><strong>re..</strong></span> 
     </span>
     <span class='ocr_line' id='line_1_27' title="bbox 88 1972 1480 2033; baseline 0.002 -18"><span class='ocrx_word' id='word_1_212' title='bbox 88 1974 210 2016; x_wconf 81' lang='lat' dir='ltr'><strong>sundi</strong></span> <span class='ocrx_word' id='word_1_213' title='bbox 237 1972 509 2026; x_wconf 81' lang='lat' dir='ltr'><strong>putabantur:</strong></span> <span class='ocrx_word' id='word_1_214' title='bbox 567 1983 670 2022; x_wconf 88' lang='lat' dir='ltr'><strong>quae</strong></span> <span class='ocrx_word' id='word_1_215' title='bbox 692 1975 880 2008; x_wconf 82' lang='lat' dir='ltr'><strong>constans</strong></span> <span class='ocrx_word' id='word_1_216' title='bbox 902 1977 943 2009; x_wconf 86' lang='lat' dir='ltr'><strong>et</strong></span> <span class='ocrx_word' id='word_1_217' title='bbox 963 1977 1189 2013; x_wconf 84' lang='lat' dir='ltr'><strong>communis</strong></span> <span class='ocrx_word' id='word_1_218' title='bbox 1222 1976 1307 2016; x_wconf 80' lang='lat' dir='ltr'><strong>suit</strong></span> <span class='ocrx_word' id='word_1_219' title='bbox 1338 1983 1480 2033; x_wconf 79' lang='lat' dir='ltr'><strong>opinio</strong></span> 
     </span>
     <span class='ocr_line' id='line_1_28' title="bbox 92 2037 1484 2100; baseline 0.001 -20"><span class='ocrx_word' id='word_1_220' title='bbox 92 2043 356 2095; x_wconf 72' lang='lat' dir='ltr'><strong>antiquorum</strong></span> <span class='ocrx_word' id='word_1_221' title='bbox 381 2038 510 2076; x_wconf 84' lang='lat' dir='ltr'><strong>totius</strong></span> <span class='ocrx_word' id='word_1_222' title='bbox 537 2037 724 2076; x_wconf 84' lang='lat' dir='ltr'><strong>Orientis</strong></span> <span class='ocrx_word' id='word_1_223' title='bbox 744 2037 1097 2090; x_wconf 87' lang='lat' dir='ltr'><strong>philosophorum,</strong></span> <span class='ocrx_word' id='word_1_224' title='bbox 1126 2043 1232 2095; x_wconf 87' lang='lat' dir='ltr'><strong>inpr.</strong></span> <span class='ocrx_word' id='word_1_225' title='bbox 1257 2046 1484 2100; x_wconf 67' lang='lat' dir='ltr'><strong>Aegyptio-</strong></span> 
     </span>
     <span class='ocr_line' id='line_1_29' title="bbox 91 2105 1482 2163; baseline 0.006 -18"><span class='ocrx_word' id='word_1_226' title='bbox 91 2125 198 2159; x_wconf 73' lang='lat' dir='ltr'><strong>rum,</strong></span> <span class='ocrx_word' id='word_1_227' title='bbox 231 2105 427 2163; x_wconf 83' lang='lat' dir='ltr'><strong>(quorum</strong></span> <span class='ocrx_word' id='word_1_228' title='bbox 450 2106 619 2145; x_wconf 71' lang='lat' dir='ltr'><strong>Plztlzas</strong></span> <span class='ocrx_word' id='word_1_229' title='bbox 640 2105 721 2143; x_wconf 84' lang='lat' dir='ltr'><strong>suit</strong></span> <span class='ocrx_word' id='word_1_230' title='bbox 749 2105 979 2156; x_wconf 82' lang='lat' dir='ltr'><strong>symbolum</strong></span> <span class='ocrx_word' id='word_1_231' title='bbox 1014 2108 1136 2147; x_wconf 83' lang='lat' dir='ltr'><strong>huius</strong></span> <span class='ocrx_word' id='word_1_232' title='bbox 1163 2112 1267 2161; x_wconf 79' lang='lat' dir='ltr'><strong>ignis</strong></span> <span class='ocrx_word' id='word_1_233' title='bbox 1299 2115 1482 2156; x_wconf 88' lang='lat' dir='ltr'><strong>elemen-</strong></span> 
     </span>
     <span class='ocr_line' id='line_1_30' title="bbox 90 2169 1484 2231; baseline -0.001 -14"><span class='ocrx_word' id='word_1_234' title='bbox 90 2181 191 2219; x_wconf 80' lang='lat' dir='ltr'><strong>taris</strong></span> <span class='ocrx_word' id='word_1_235' title='bbox 216 2191 262 2215; x_wconf 89' lang='lat' dir='ltr'><strong>ac</strong></span> <span class='ocrx_word' id='word_1_236' title='bbox 285 2174 508 2223; x_wconf 86' lang='lat' dir='ltr'><strong>naturalis,</strong></span> <span class='ocrx_word' id='word_1_237' title='bbox 554 2179 602 2211; x_wconf 86' lang='lat' dir='ltr'><strong>ut</strong></span> <span class='ocrx_word' id='word_1_238' title='bbox 622 2169 869 2224; x_wconf 71' lang='grc' dir='ltr'><strong><em>Ἵῐφαιστος</em></strong></span> <span class='ocrx_word' id='word_1_239' title='bbox 897 2181 938 2212; x_wconf 85' lang='lat' dir='ltr'><strong>et</strong></span> <span class='ocrx_word' id='word_1_240' title='bbox 970 2177 1190 2215; x_wconf 76' lang='lat' dir='ltr'><strong>Vulcanus</strong></span> <span class='ocrx_word' id='word_1_241' title='bbox 1214 2181 1322 2231; x_wconf 84' lang='lat' dir='ltr'><strong>apud</strong></span> <span class='ocrx_word' id='word_1_242' title='bbox 1348 2184 1484 2223; x_wconf 63' lang='lat' dir='ltr'><strong>Grae„</strong></span> 
     </span>
     <span class='ocr_line' id='line_1_31' title="bbox 93 2240 1486 2296; baseline 0.006 -12"><span class='ocrx_word' id='word_1_243' title='bbox 93 2260 163 2284; x_wconf 87' lang='lat' dir='ltr'><strong>cos</strong></span> <span class='ocrx_word' id='word_1_244' title='bbox 198 2250 240 2282; x_wconf 89' lang='lat' dir='ltr'><strong>et</strong></span> <span class='ocrx_word' id='word_1_245' title='bbox 261 2243 489 2290; x_wconf 85' lang='lat' dir='ltr'><strong>Romanos,</strong></span> <span class='ocrx_word' id='word_1_246' title='bbox 526 2254 700 2293; x_wconf 85' lang='lat' dir='ltr'><strong>quorum</strong></span> <span class='ocrx_word' id='word_1_247' title='bbox 720 2247 855 2279; x_wconf 85' lang='lat' dir='ltr'><strong>tamen</strong></span> <span class='ocrx_word' id='word_1_248' title='bbox 888 2240 1096 2294; x_wconf 83' lang='lat' dir='ltr'><strong>theologia</strong></span> <span class='ocrx_word' id='word_1_249' title='bbox 1119 2245 1299 2296; x_wconf 79' lang='lat' dir='ltr'><strong>mythica</strong></span> <span class='ocrx_word' id='word_1_250' title='bbox 1336 2249 1486 2291; x_wconf 87' lang='lat' dir='ltr'><strong>deinde</strong></span> 
     </span>
     <span class='ocr_line' id='line_1_32' title="bbox 97 2308 1485 2369; baseline 0.004 -17"><span class='ocrx_word' id='word_1_251' title='bbox 97 2314 147 2352; x_wconf 87' lang='lat' dir='ltr'><strong>ab</strong></span> <span class='ocrx_word' id='word_1_252' title='bbox 173 2312 246 2350; x_wconf 84' lang='lat' dir='ltr'><strong>illo</strong></span> <span class='ocrx_word' id='word_1_253' title='bbox 269 2311 363 2360; x_wconf 85' lang='lat' dir='ltr'><strong>ig-ne</strong></span> <span class='ocrx_word' id='word_1_254' title='bbox 397 2309 447 2347; x_wconf 87' lang='lat' dir='ltr'><strong>ad</strong></span> <span class='ocrx_word' id='word_1_255' title='bbox 469 2308 744 2356; x_wconf 81' lang='lat' dir='ltr'><strong>artificialem,</strong></span> <span class='ocrx_word' id='word_1_256' title='bbox 785 2308 857 2360; x_wconf 86' lang='lat' dir='ltr'><strong>qui</strong></span> <span class='ocrx_word' id='word_1_257' title='bbox 878 2310 1051 2348; x_wconf 83' lang='lat' dir='ltr'><strong>metallis</strong></span> <span class='ocrx_word' id='word_1_258' title='bbox 1083 2312 1304 2354; x_wconf 78' lang='lat' dir='ltr'><strong>fundendis</strong></span> <span class='ocrx_word' id='word_1_259' title='bbox 1333 2331 1485 2369; x_wconf 86' lang='lat' dir='ltr'><strong>paran—</strong></span> 
     </span>
     <span class='ocr_line' id='line_1_33' title="bbox 99 2375 1485 2434; baseline 0.002 -16"><span class='ocrx_word' id='word_1_260' title='bbox 99 2381 242 2432; x_wconf 84' lang='lat' dir='ltr'><strong>disque</strong></span> <span class='ocrx_word' id='word_1_261' title='bbox 267 2376 511 2425; x_wconf 86' lang='lat' dir='ltr'><strong>adhibetur,</strong></span> <span class='ocrx_word' id='word_1_262' title='bbox 539 2375 701 2427; x_wconf 87' lang='lat' dir='ltr'><strong>delapsa</strong></span> <span class='ocrx_word' id='word_1_263' title='bbox 728 2382 813 2425; x_wconf 87' lang='lat' dir='ltr'><strong>est,</strong></span> <span class='ocrx_word' id='word_1_264' title='bbox 843 2382 884 2413; x_wconf 89' lang='lat' dir='ltr'><strong>et</strong></span> <span class='ocrx_word' id='word_1_265' title='bbox 909 2375 1032 2415; x_wconf 86' lang='lat' dir='ltr'><strong>huius</strong></span> <span class='ocrx_word' id='word_1_266' title='bbox 1050 2381 1199 2430; x_wconf 86' lang='lat' dir='ltr'><strong>potius,</strong></span> <span class='ocrx_word' id='word_1_267' title='bbox 1230 2396 1349 2434; x_wconf 83' lang='lat' dir='ltr'><strong>quam</strong></span> <span class='ocrx_word' id='word_1_268' title='bbox 1373 2387 1485 2427; x_wconf 75' lang='lat' dir='ltr'><strong>illius</strong></span> 
     </span>
     <span class='ocr_line' id='line_1_34' title="bbox 99 2441 1486 2507; baseline 0.006 -22"><span class='ocrx_word' id='word_1_269' title='bbox 99 2447 305 2487; x_wconf 87' lang='lat' dir='ltr'><strong>rationem</strong></span> <span class='ocrx_word' id='word_1_270' title='bbox 353 2441 514 2495; x_wconf 85' lang='lat' dir='ltr'><strong>habuit)</strong></span> <span class='ocrx_word' id='word_1_271' title='bbox 559 2458 604 2481; x_wconf 86' lang='lat' dir='ltr'><strong>ac</strong></span> <span class='ocrx_word' id='word_1_272' title='bbox 643 2444 921 2492; x_wconf 85' lang='lat' dir='ltr'><strong>Graecorum,</strong></span> <span class='ocrx_word' id='word_1_273' title='bbox 979 2452 1019 2482; x_wconf 88' lang='lat' dir='ltr'><strong>et</strong></span> <span class='ocrx_word' id='word_1_274' title='bbox 1061 2447 1224 2498; x_wconf 87' lang='lat' dir='ltr'><strong>quidem</strong></span> <span class='ocrx_word' id='word_1_275' title='bbox 1263 2455 1486 2507; x_wconf 84' lang='lat' dir='ltr'><strong>praecipue</strong></span> 
     </span>
     <span class='ocr_line' id='line_1_35' title="bbox 99 2509 1489 2566; baseline 0.006 -14"><span class='ocrx_word' id='word_1_276' title='bbox 99 2512 402 2566; x_wconf 77' lang='lat' dir='ltr'><strong>Orphicorum‚</strong></span> <span class='ocrx_word' id='word_1_277' title='bbox 430 2509 804 2564; x_wconf 84' lang='lat' dir='ltr'><strong>Pythagoreorum,</strong></span> <span class='ocrx_word' id='word_1_278' title='bbox 833 2512 1077 2552; x_wconf 84' lang='lat' dir='ltr'><strong>Stoicorum.</strong></span> <span class='ocrx_word' id='word_1_279' title='bbox 1101 2510 1147 2537; x_wconf 81' lang='lat'><strong>²⁴</strong></span> <span class='ocrx_word' id='word_1_280' title='bbox 1205 2517 1286 2555; x_wconf 89' lang='lat' dir='ltr'><strong>Sed</strong></span> <span class='ocrx_word' id='word_1_281' title='bbox 1319 2519 1370 2558; x_wconf 92' lang='lat' dir='ltr'><strong>de</strong></span> <span class='ocrx_word' id='word_1_282' title='bbox 1393 2524 1489 2563; x_wconf 89' lang='lat' dir='ltr'><strong>vul—</strong></span> 
     </span>
    </p>
   </div>
   <div class='ocr_carea' id='block_1_3' title="bbox 111 2642 1490 2751">
    <p class='ocr_par' dir='ltr' id='par_1_6' title="bbox 111 2642 1490 2751">
     <span class='ocr_line' id='line_1_36' title="bbox 148 2642 1486 2694; baseline 0.002 -17"><span class='ocrx_word' id='word_1_283' title='bbox 148 2645 207 2680; x_wconf 76' lang='lat'><strong>24.</strong></span> <span class='ocrx_word' id='word_1_284' title='bbox 239 2642 296 2679; x_wconf 84' lang='lat' dir='ltr'><strong>cf.</strong></span> <span class='ocrx_word' id='word_1_285' title='bbox 325 2642 400 2676; x_wconf 87' lang='lat' dir='ltr'><strong>Cic.</strong></span> <span class='ocrx_word' id='word_1_286' title='bbox 417 2642 525 2677; x_wconf 83' lang='lat' dir='ltr'><strong>Acad.</strong></span> <span class='ocrx_word' id='word_1_287' title='bbox 547 2643 692 2686; x_wconf 80' lang='lat' dir='ltr'><strong>Quaest.</strong></span> <span class='ocrx_word' id='word_1_288' title='bbox 712 2643 773 2686; x_wconf 86' lang='lat' dir='ltr'><strong>lv,</strong></span> <span class='ocrx_word' id='word_1_289' title='bbox 830 2646 865 2686; x_wconf 93' lang='lat'><strong>1,</strong></span> <span class='ocrx_word' id='word_1_290' title='bbox 895 2645 928 2678; x_wconf 81' lang='lat'><strong>5.</strong></span> <span class='ocrx_word' id='word_1_291' title='bbox 977 2645 1082 2688; x_wconf 74' lang='lat' dir='ltr'><strong>Diog.</strong></span> <span class='ocrx_word' id='word_1_292' title='bbox 1126 2647 1241 2683; x_wconf 69' lang='lat' dir='ltr'><strong>Laert.</strong></span> <span class='ocrx_word' id='word_1_293' title='bbox 1283 2646 1381 2694; x_wconf 77' lang='lat' dir='ltr'><strong>VIII,</strong></span> <span class='ocrx_word' id='word_1_294' title='bbox 1430 2654 1486 2688; x_wconf 76' lang='lat'><strong>26,</strong></span> 
     </span>
     <span class='ocr_line' id='line_1_37' title="bbox 111 2700 1490 2751; baseline 0.001 -14"><span class='ocrx_word' id='word_1_295' title='bbox 111 2702 167 2748; x_wconf 83' lang='grc'><strong>57.</strong></span> <span class='ocrx_word' id='word_1_296' title='bbox 211 2700 392 2736; x_wconf 83' lang='lat' dir='ltr'><strong>Plutarch.</strong></span> <span class='ocrx_word' id='word_1_297' title='bbox 421 2700 465 2734; x_wconf 80' lang='lat' dir='ltr'><strong>de</strong></span> <span class='ocrx_word' id='word_1_298' title='bbox 481 2701 614 2746; x_wconf 54' lang='lat' dir='ltr'><strong>{plania</strong></span> <span class='ocrx_word' id='word_1_299' title='bbox 644 2700 774 2745; x_wconf 79' lang='lat' dir='ltr'><strong>philos.</strong></span> <span class='ocrx_word' id='word_1_300' title='bbox 830 2700 1011 2735; x_wconf 77' lang='lat' dir='ltr'><strong>Iablonski</strong></span> <span class='ocrx_word' id='word_1_301' title='bbox 1030 2702 1153 2738; x_wconf 78' lang='lat' dir='ltr'><strong>Pauth.</strong></span> <span class='ocrx_word' id='word_1_302' title='bbox 1175 2705 1263 2751; x_wconf 70' lang='lat' dir='ltr'><strong>A‘S·</strong></span> <span class='ocrx_word' id='word_1_303' title='bbox 1279 2709 1342 2742; x_wconf 78' lang='lat' dir='ltr'><strong>lib.</strong></span> <span class='ocrx_word' id='word_1_304' title='bbox 1363 2711 1390 2744; x_wconf 83' lang='grc' dir='ltr'><strong>Ι,</strong></span> <span class='ocrx_word' id='word_1_305' title='bbox 1411 2722 1440 2745; x_wconf 75' lang='grc' dir='ltr'><strong>ς,</strong></span> <span class='ocrx_word' id='word_1_306' title='bbox 1456 2722 1490 2745; x_wconf 76' lang='lat'><strong>2.</strong></span> 
     </span>
    </p>
   </div>
  </div>
 </body>
</html>
