1686 3089
198 121 283 179 598
612 121 1184 163 COMMENTARIVS

847 534 953 581 INv

385 603 1185 709 SATI‘RAM
1312 652 1417 711 XI.

317 1053 350 1079 1.
380 1053 417 1081 2.
478 1016 570 1084 Cf.
601 1046 674 1095 IV,
708 1047 768 1085 13.
806 1047 868 1087 14.
893 1053 936 1086 et
957 1048 1074 1096 vm,
1107 1049 1195 1086 182.
1310 1043 1479 1085 Atticus
1500 1047 1539 1086 h.
1566 1046 1593 1084 1.

196 1119 274 1156 pro
299 1111 444 1159 quovis
467 1114 599 1151 nobili
624 1128 668 1152 ac
692 1113 844 1165 divite3
876 1116 1007 1169 qualis
1035 1117 1118 1154 suit
1140 1111 1211 1153 ille
1244 1115 1294 1152 T.
1328 1114 1592 1165 Pomponius,

197 1175 269 1224 qui
300 1177 365 1215 vel
406 1179 611 1233 tironibus
646 1195 699 1220 ex
727 1182 892 1235 Nepote
928 1189 969 1221 et
1006 1183 1206 1221 Cicerone
1240 1182 1477 1219 notissimus
1521 1187 1594 1219 est.

196 1240 361 1287 lautas,
388 1247 626 1297 splendidus
655 1256 696 1287 et
724 1251 988 1302 magnificus,
1027 1250 1097 1303 qui
1120 1250 1178 1287 ita
1208 1249 1337 1296 vivit,
1376 1255 1425 1285 ut
1459 1248 1594 1286 solent

196 1309 355 1348 nobiles
388 1327 432 1351 ac
473 1315 643 1365 divites,
685 1324 815 1370 utque
848 1332 916 1356 eos
952 1318 1081 1355 decet.
1112 1338 1167 1346 --
1236 1329 1275 1354 2.
1306 1317 1479 1352 Rutilus
1513 1329 1590 1366 pro

197 1379 343 1426 qUUVI'S
375 1394 579 1433 paupere,
621 1384 772 1423 divites
805 1386 1045 1423 aemulante.
1075 1383 1089 1401 ¹
1119 1405 1176 1413 —-
1241 1396 1278 1421 2.
1306 1384 1343 1420 3.
1369 1397 1407 1420 v.
1445 1382 1495 1420 ad
1518 1382 1596 1430 III,

200 1444 291 1482 152.
404 1448 588 1499 Apicius
616 1448 884 1501 pro‘homine
904 1453 1122 1490 luxurioso
1148 1466 1179 1488 s.
1203 1452 1356 1503 guloso.
1383 1463 1422 1488 v.
1447 1449 1495 1487 ad
1518 1450 1593 1497 IV,

195 1511 263 1549 23.
295 1532 349 1540 —-·
407 1515 444 1551 4.
478 1517 724 1562 Convictus,
752 1519 967 1566 convivia,
997 1518 1036 1554 h.
1060 1532 1094 1554 e.
1120 1531 1284 1564 omneS,
1327 1518 1463 1569 quiyin
1486 1531 1591 1554 con-

197 1579 321 1617 viviis
360 1589 476 1630 sunt,
520 1591 566 1622 ut
600 1597 700 1622 mox
738 1585 946 1630 thermae,
1001 1585 1198 1621 stationes
1236 1589 1277 1620 et
1324 1584 1543 1625 theam-um.
1571 1578 1592 1600 ²

200 1646 400 1686 Thermae
433 1649 472 1687 h.
509 1651 533 1687 l.
564 1652 633 1689 vel
666 1652 836 1702 proprie
873 1652 1067 1689 dicuntur
1087 1679 1097 1698 ,
1131 1656 1173 1686 et
1202 1650 1365 1701 quidem
1396 1650 1595 1699 homines,

195 1713 255 1749 ibi
288 1718 603 1765 convenientes,
641 1719 709 1755 vel
740 1719 878 1769 potius
917 1717 1210 1768 thermopolia,
1239 1724 1309 1754 aut
1336 1718 1522 1768 popinae.
1550 1732 1591 1756 v.

196 1780 249 1817 ad
272 1783 387 1832 VIII,
418 1785 508 1823 168.
619 1785 829 1822 Stationes
852 1792 947 1822 sunt
973 1783 1212 1833 συστάσεις,
1244 1785 1387 1821 circuli
1412 1799 1483 1822 seu
1503 1800 1594 1823 om·-

199 1849 267 1886 nia
292 1849 406 1896 loca,
455 1854 527 1891 ubi
557 1852 824 1904 frequenter,
872 1852 940 1889 vel
972 1850 1165 1888 audiendi
1201 1852 1269 1889 vel
1304 1852 1595 1890 confabulandi

198 1929 340 1965 causa,
370 1921 593 1958 convenire
617 1927 687 1957 aut
715 1919 938 1957 consistere
962 1919 1095 1956 solent
1118 1917 1330 1967 homines,
1356 1932 1394 1957 v.
1420 1933 1452 1956 c.
1481 1920 1592 1957 cives

195 1990 291 2035 post
316 1989 501 2038 negotia,
541 1989 664 2039 legati
687 1987 900 2025 civitatum
930 1986 998 2023 vel
1036 1986 1384 2037 municipiorum,
1423 1987 1472 2024 de
1501 1988 1594 2025 iure

194 2053 513 2103 respondentes,
547 2062 772 2103 senatores,
815 2054 950 2105 qualia
986 2053 1106 2090 suere
1137 2054 1397 2102 senaculum,
1436 2055 1588 2103 sorum,

196 2121 383 2170 porticus
409 2129 486 2161 cet.
517 2120 532 2145 3
562 2145 615 2153 —-
675 2124 712 2160 5.
743 2123 809 2159 De
829 2121 974 2158 Rutilo
996 2120 1084 2157 scil.
1117 2121 1366 2172 loquuntur,
1401 2122 1592 2160 fabulan-

198 2191 292 2236 tur,
321 2189 469 2228 rident.
586 2191 609 2228 5
625 2191 727 2228 —8.
753 2187 859 2226 Nam
886 2201 1006 2237 mox,
1036 2186 1133 2225 dum
1159 2188 1320 2226 iuvenis
1336 2195 1413 2237 est,
1452 2189 1596 2227 dicunt

246 2339 275 2362 1.
329 2333 433 2366 Conf.
462 2333 505 2367 ad
524 2333 623 2374 XIV,
652 2333 862 2375 18.Cogno-
966 2332 999 2364 5.
1027 2344 1058 2364 v.
1080 2331 1221 2365 Ernesti
1247 2331 1292 2364 ad
1313 2332 1409 2365 Suet.
1429 2333 1511 2366 Ner.
1533 2333 1591 2376 37.

198 2398 282 2419 men
307 2389 376 2421 suit
397 2394 511 2432 gentis
529 2392 701 2430 Marciae,
724 2400 768 2427 w.
789 2390 864 2422 Liv.
923 2389 1079 2421 'rm-neb.
1106 2388 1197 2422 Adv.
1225 2390 1253 2430 1,
1288 2402 1339 2434 17.
1366 2399 1399 2422 et
1420 2401 1474 2422 21.
1498 2391 1590 2422 Rae-

197 2443 280 2485 VII,
318 2445 477 2493 16—39.
511 2447 571 2488 lx,
597 2448 651 2481 35.
687 2447 744 2480 58.
762 2446 805 2488 X,
832 2458 863 2490 9.
924 2445 1020 2478 vard.
1046 2458 1114 2478 var.
1135 2447 1215 2478 lect.
1236 2446 1295 2487 IV,
1311 2460 1341 2492 7.
1366 2447 1589 2491 Intpp.Plin.

198 2501 282 2544 47«)
321 2503 522 2546 Virginiae,
565 2504 669 2548 (Liv.
705 2506 769 2546 III,
808 2505 863 2547 7.)
923 2502 1020 2543 XVI,
1049 2505 1105 2536 44.
1126 2515 1151 2535 ε.
1177 2502 1232 2536 815.
1259 2504 1349 2537 Plin.
1382 2505 1447 2548 Ep.
1479 2505 1508 2545 I,
1536 2505 1589 2546 13,

196 2558 362 2599 Nautiae,
393 2563 498 2600 (Fast.
522 2561 673 2605 Capitol.
693 2574 748 2606 ap.
767 2561 866 2595 Gru-
924 2573 956 2594 2.
974 2561 1019 2602 ΙΙ,
1039 2573 1070 2605 9,
1091 2559 1123 2592 5.
1149 2560 1244 2594 Gell.
1270 2561 1368 2604 XIII,
1395 2562 1447 2596 13.
1467 2561 1588 2597 valer.

197 2623 260 2647 ter.
283 2627 318 2658 p.
342 2622 436 2662 291.)
467 2627 500 2651 et
519 2620 566 2651 al.
923 2618 1017 2653 Max.
1035 2619 1084 2662 Π,
1102 2629 1136 2661 2,
1156 2617 1189 2653 6.

247 2683 280 2706 2.
306 2672 363 2707 Cf.
390 2676 490 2712 Voss.
511 2674 555 2707 ad
581 2675 712 2710 Vellei.
741 2674 789 2718 11,
813 2674 870 2710 55·
