1686 3089
184 134 266 177 682
601 135 1196 192 co-MMENTAfflvs

181 258 250 286 tus
281 248 432 289 dicitur
462 257 503 290 et
530 247 657 305 nvydg
688 252 843 298 brevis)
869 252 947 300 vel,
976 251 1114 290 iudice
1132 253 1431 305 Strab.XV11.,
1453 255 1566 305 inde}

183 317 290 368 quod
313 332 484 370 corpora
502 334 660 360 summo
689 321 783 358 solis
820 325 862 357 et
886 320 1020 358 calore
1043 327 1084 358 et
1107 320 1263 372 frigore
1284 324 1432 374 exigua
1456 324 1563 362 fiunt

180 390 224 433 et
250 392 460 425 contorta:
504 389 727 439 Pygmaeos
753 388 862 425 enim
881 387 1039 427 Plinius
1068 388 1163 436 VII,
1193 400 1229 426 2.
1258 389 1303 427 in
1324 381 1471 436 ludia,
1505 391 1563 444 (at

180 451 257 497 IV,
286 466 346 491 11.
377 455 422 492 in
444 452 638 509 Thracia)
666 456 897 503 Homerus,
937 455 1049 494 Mela
1086 462 1126 494 et
1149 456 1296 495 Strabo
1321 457 1366 495 in
1389 457 1563 496 Aethio-

178 520 269 571 pia,
298 522 368 559 alii
401 511 444 560 iri
477 523 645 574 Scythia
674 527 845 573 ponunt.
888 535 926 562 v.
958 523 1160 574 Koeppen
1191 523 1241 561 ad
1264 524 1387 562 Hom.
1418 525 1465 562 Il.
1488 525 1564 573 III,

178 588 205 626 3
223 601 324 638 -7.
369 590 498 628 Hard.
533 591 583 627 ad
620 590 726 627 Plin.
746 590 788 627 ll.
810 590 851 627 11.
882 597 923 627 et
955 589 1117 640 Koenig
1154 590 1204 628 ad
1232 590 1442 629 claudian,
1466 592 1565 640 XV,

178 657 262 705 474
285 671 366 709 seq.
422 658 532 695 Nota
561 656 664 694 Ach.
701 662 784 694 est:
852 657 1036 705 „Forsan
1065 656 1143 695 hae
1172 658 1336 696 fabulae
1363 659 1567 697 debentur

173 726 527 775 peregrinatorum
562 723 829 776 quorumdam
860 723 1164 776 hyperbolicis,
1221 731 1269 762 ut
1302 739 1420 777 sae-pe
1459 733 1565 775 suns,

173 792 498 839 narrationibus,
535 792 607 842 qui
630 792 675 829 in
696 790 884 841 Scythia,
915 791 1123 842 Laponiae
1149 794 1426 842 contermina,
1462 794 1565 832 visis

173 872 257 896 uno
280 860 348 896 vel
374 860 530 910 aliquot
554 872 607 896 ex
626 859 891 909 Laponibus,
930 872 997 896 eos
1023 859 1154 896 multo
1182 860 1412 909 breviores,
1442 874 1565 913 quam

172 941 220 966 :re
249 928 338 977 ipsa
371 932 525 972 essent,
567 925 836 973 effinxerunt3
900 925 996 963 inde
1030 932 1238 964 crescente
1265 928 1466 966 similibus
1494 935 1561 966 te·-

173 996 374 1033 stimoniis
406 992 640 1040 mendacin,
695 1005 749 1029 ez:
781 1000 955 1044 quatuor
986 992 1159 1044 pedibus
1190 993 1403 1042 (mensura
1420 995 1562 1047 Lapo-

171 1062 290 1110 num)
319 1063 369 1100 ad
403 1061 503 1099 duos
537 1066 695 1098 tantum
739 1066 781 1096 et
817 1061 951 1098 minus
991 1060 1163 1097 suerunt
1203 1060 1335 1098 adacti
1355 1062 1561 1112 Pygmaei.

173 1131 359 1169 Similem
385 1129 563 1167 fabulam
589 1132 729 1165 narrat
750 1127 921 1165 Prateus
957 1133 997 1164 et
1030 1128 1065 1164 le
1099 1130 1291 1166 Effer-cure
1319 1129 1477 1167 Galant
1503 1144 1559 1168 m.

170 1199 271 1251 Apr.
299 1198 442 1237 1685ss
496 1196 624 1233 Poeta
644 1200 782 1231 autem
803 1194 853 1231 de
876 1194 1078 1232 industria
1101 1195 1277 1233 ridicule
1295 1197 1420 1247 magis
1439 1211 1562 1248 quam

169 1280 270 1307 vere
293 1279 381 1303 rem
405 1263 650 1301 memoravit
680 1267 723 1299 et
751 1262 914 1301 satirice
935 1262 1052 1299 auxit
1062 1289 1076 1306 ,
1116 1261 1227 1305 unde
1252 1263 1374 1301 etiam
1398 1277 1436 1302 v.
1469 1265 1560 1316 169.

168 1334 340 1387 gruibus
370 1345 515 1370 curvos
551 1342 732 1381 angzeeS,
797 1327 1007 1367 hominem
1043 1330 1248 1380 rapientes
1259 1360 1270 1378 ‚
1320 1336 1363 1368 et
1392 1344 1431 1370 v.
1469 1333 1559 1381 173.

166 1401 380 1454 Pygmaeis
415 1399 616 1436 minorem
650 1396 797 1434 tribuit
824 1402 1038 1445 staturam,
1083 1410 1203 1448 quam
1227 1397 1387 1436 Gellius
1420 1400 1497 1448 IX,
1521 1400 1559 1438 4.

166 1469 326 1510 Plinius
352 1473 395 1504 et
419 1467 499 1503 alii.
558 1464 642 1508 Ad,
674 1463 890 1511 adversus,
931 1464 1115 1508 subitas,
1154 1465 1289 1502 subito
1312 1465 1560 1515 advolantes,

169 1537 379 1576 Thrac-um
407 1533 590 1570 volucres
602 1557 615 1574 ,
658 1543 801 1579 grues,
844 1543 946 1581 quae
971 1529 1108 1569 hieme
1133 1531 1349 1580 ingruente
1373 1547 1396 1570 e
1419 1533 1556 1573 Thra-

168 1606 256 1644 ciae
278 1603 427 1641 finibus
451 1600 495 1637 in
521 1597 736 1636 Graeciam
759 1595 975 1646 plagasque
999 1596 1212 1634 calidiores
1235 1599 1422 1649 migrant,
1446 1602 1558 1639 unde

171 1671 387 1710 Threiciae
412 1667 605 1704 dicuntur
630 1662 751 1701 Ovid.
775 1663 864 1700 Ari.
886 1663 962 1711 III,
982 1664 1072 1704 182,
1102 1669 1143 1701 et
1165 1664 1421 1714 Styymoniae
1441 1669 1557 1719 Virg.

169 1740 246 1781 Ge.
280 1737 311 1784 Ι,
342 1748 432 1774 120.
467 1740 508 1771 et
539 1733 642 1769 Aen.
666 1730 721 1778 X,
745 1730 840 1768 265.
881 1729 959 1778 XI,
985 1731 1077 1768 580.
1138 1732 1306 1777 nubem,
1348 1735 1557 1784 ingentem

166 1819 313 1858 gruum
339 1799 658 1846 multitudinem,
687 1803 734 1835 ut
754 1797 827 1835 Gr.
854 1797 992 1849 νέφος.
1025 1797 1145 1836 Cous.
1165 1799 1216 1836 ad
1241 1800 1313 1837 Sil.
1336 1801 1368 1849 I,
1393 1802 1556 1840 311..-

170 1885 262 1923 172.
293 1872 576 1920 Quamquam,
603 1867 729 1903 immo
757 1865 961 1916 quoniam.
989 1879 1027 1904 v.
1052 1865 1149 1903 var.
1176 1867 1291 1904 Lect.

284 1940 373 1987 174.
423 1934 558 1973 Schol.
599 1931 971 1983 ‚,Anthypophora,
1029 1935 1145 1984 quasi
1185 1934 1383 1973 obiectio:
1436 1934 1551 1988 Ergo

166 2008 281 2049 nulla
302 2017 434 2057 poena
467 2007 604 2040 manet
629 2015 696 2039 eos
706 2028 718 2048 ,
764 2000 836 2051 qui
863 2001 1106 2051 peierant'?“
1162 2001 1256 2040 Sen.
1294 2001 1345 2040 de
1376 2003 1445 2042 Ira
1477 2005 1552 2054 ΙΙΙ,

164 2077 234 2117 26.
273 2073 389 2123 Quid
405 2084 527 2121 erge,
560 2070 723 2120 inquis,
765 2070 933 2117 impune
959 2069 1028 2106 illi
1055 2070 1164 2107 erit?
1221 2071 1341 2107 Puta
1365 2078 1404 2107 te
1433 2072 1551 2116 velle,

166 2153 305 2184 tamen
334 2153 416 2177 non
435 2140 526 2175 erit.
584 2137 780 2177 Illas-ima
805 2144 863 2173 est
892 2137 1002 2173 enim
1021 2137 1165 2186 factae
1193 2139 1378 2174 iniuriae
1395 2153 1550 2189 poena,

155 2212 336 2264 fecisse:
388 2220 461 2242 nec
504 2205 726 2255 quisquam
763 2205 938 2254 gravius
969 2204 1177 2254 afficitur,
1234 2218 1360 2255 quam
1391 2209 1465 2258 qui
1493 2207 1554 2245 ad

167 2276 425 2328 supplicium
452 2271 734 2322 poenitentiae
763 2271 947 2309 traditur
956 2285 971 2317 ,·
1014 2283 1116 2322 quae
1139 2271 1390 2323 respondent
1412 2275 1550 2312 verbis

165 2350 311 2396 poetae
346 2339 421 2378 ins.
451 2352 489 2376 v.
521 2349 595 2388 192
620 2349 701 2388 seq.

282 2410 424 2459 175-—
443 2419 531 2460 179.
558 2405 785 2456 Responsio
809 2411 976 2457 poetae:
1016 2405 1227 2458 Supplicio
1249 2407 1436 2444 scelerati
1468 2406 1548 2444 ho-

166 2478 286 2517 minis
307 2476 412 2514 nihil
430 2473 616 2526 proficiS,
643 2486 718 2510 nec
742 2472 953 2521 damnum,
984 2473 1091 2526 quod
1112 2487 1253 2524 passus
1279 2487 1332 2523 es,
1360 2475 1548 2513 sarcitur.

169 2546 259 2593 178.
295 2555 382 2594 179.
422 2542 495 2579 secl
530 2540 598 2578 vel
636 2541 834 2577 minimas
863 2543 1039 2591 sangui-s·
1072 2555 1094 2580 e
1123 2549 1290 2586 trunco,
1343 2547 1546 2588 truncato,
1603 2562 1606 2564 ·

166 2610 370 2658 mutilato,
402 2622 567 2660 corpore
589 2608 755 2648 effluens
777 2608 896 2647 dabit
919 2609 995 2647 tibi
1020 2609 1174 2647 solatia
1197 2609 1424 2654 invidiosa,
1445 2621 1548 2660 quae
