<?xml version="1.0" encoding="UTF-8"?>
<!DOCTYPE html PUBLIC "-//W3C//DTD XHTML 1.0 Transitional//EN"
    "http://www.w3.org/TR/xhtml1/DTD/xhtml1-transitional.dtd">
<html xmlns="http://www.w3.org/1999/xhtml" xml:lang="en" lang="en">
 <head>
  <title>
</title>
<meta http-equiv="Content-Type" content="text/html;charset=utf-8" />
  <meta name='ocr-system' content='tesseract 3.04.00' />
  <meta name='ocr-capabilities' content='ocr_page ocr_carea ocr_par ocr_line ocrx_word'/>
</head>
<body>
  <div class='ocr_page' id='page_1' title='image "./satirae16adoptim021juveuoft_0434.png"; bbox 0 0 1686 3089; ppageno 0'>
   <div class='ocr_carea' id='block_1_1' title="bbox 165 179 1147 237">
    <p class='ocr_par' dir='ltr' id='par_1_1' title="bbox 165 179 1147 237">
     <span class='ocr_line' id='line_1_1' title="bbox 165 179 1147 237; baseline -0.012 -4"><span class='ocrx_word' id='word_1_1' title='bbox 165 186 251 237; x_wconf 79' lang='lat'>416</span> <span class='ocrx_word' id='word_1_2' title='bbox 523 179 1147 228; x_wconf 50' lang='lat' dir='ltr'>-122CO-MMENTAR1VS</span> 
     </span>
    </p>
   </div>
   <div class='ocr_carea' id='block_1_2' title="bbox 167 289 1583 2498">
    <p class='ocr_par' dir='ltr' id='par_1_2' title="bbox 167 289 1571 1217">
     <span class='ocr_line' id='line_1_2' title="bbox 167 289 1551 351; baseline -0.006 -9"><span class='ocrx_word' id='word_1_3' title='bbox 167 303 214 344; x_wconf 82' lang='lat' dir='ltr'>in</span> <span class='ocrx_word' id='word_1_4' title='bbox 233 302 414 351; x_wconf 65' lang='lat' dir='ltr'>scenam}</span> <span class='ocrx_word' id='word_1_5' title='bbox 445 299 723 340; x_wconf 81' lang='lat' dir='ltr'>recitabantur</span> <span class='ocrx_word' id='word_1_6' title='bbox 755 298 891 336; x_wconf 75' lang='lat' dir='ltr'>amicis</span> <span class='ocrx_word' id='word_1_7' title='bbox 924 299 1106 349; x_wconf 81' lang='lat' dir='ltr'>virisque</span> <span class='ocrx_word' id='word_1_8' title='bbox 1133 296 1284 346; x_wconf 88' lang='lat' dir='ltr'>doctis,</span> <span class='ocrx_word' id='word_1_9' title='bbox 1323 289 1435 335; x_wconf 75' lang='lat' dir='ltr'>unde</span> <span class='ocrx_word' id='word_1_10' title='bbox 1464 297 1551 335; x_wconf 73' lang='lat' dir='ltr'>His</span> 
     </span>
     <span class='ocr_line' id='line_1_3' title="bbox 172 361 1555 417; baseline -0.005 -8"><span class='ocrx_word' id='word_1_11' title='bbox 172 372 345 409; x_wconf 75' lang='lat' dir='ltr'>necdum</span> <span class='ocrx_word' id='word_1_12' title='bbox 368 361 582 408; x_wconf 64' lang='lat' dir='ltr'>commissa</span> <span class='ocrx_word' id='word_1_13' title='bbox 603 368 723 405; x_wconf 74' lang='lat' dir='ltr'>elwro</span> <span class='ocrx_word' id='word_1_14' title='bbox 761 371 957 402; x_wconf 78' lang='lat' dir='ltr'>cantatur</span> <span class='ocrx_word' id='word_1_15' title='bbox 992 366 1139 417; x_wconf 59' lang='lat' dir='ltr'>Agat-e</span> <span class='ocrx_word' id='word_1_16' title='bbox 1173 378 1233 416; x_wconf 85' lang='lat' dir='ltr'>ap.</span> <span class='ocrx_word' id='word_1_17' title='bbox 1272 364 1412 402; x_wconf 80' lang='lat' dir='ltr'><strong>Claud.</strong></span> <span class='ocrx_word' id='word_1_18' title='bbox 1461 365 1555 402; x_wconf 86' lang='lat' dir='ltr'>Eu-</span> 
     </span>
     <span class='ocr_line' id='line_1_4' title="bbox 172 431 1555 490; baseline -0.006 -13"><span class='ocrx_word' id='word_1_19' title='bbox 172 444 279 490; x_wconf 72' lang='lat' dir='ltr'>trop.</span> <span class='ocrx_word' id='word_1_20' title='bbox 305 438 355 485; x_wconf 83' lang='lat' dir='ltr'>II,</span> <span class='ocrx_word' id='word_1_21' title='bbox 371 438 486 487; x_wconf 75' lang='lat'>364.)</span> <span class='ocrx_word' id='word_1_22' title='bbox 515 436 582 473; x_wconf 74' lang='lat' dir='ltr'>vel</span> <span class='ocrx_word' id='word_1_23' title='bbox 605 433 796 479; x_wconf 84' lang='lat' dir='ltr'>fabulam,</span> <span class='ocrx_word' id='word_1_24' title='bbox 826 432 940 468; x_wconf 83' lang='lat' dir='ltr'>cuius</span> <span class='ocrx_word' id='word_1_25' title='bbox 959 438 1241 483; x_wconf 79' lang='lat' dir='ltr'>argumentum</span> <span class='ocrx_word' id='word_1_26' title='bbox 1267 433 1401 470; x_wconf 83' lang='lat' dir='ltr'>nullus</span> <span class='ocrx_word' id='word_1_27' title='bbox 1421 431 1555 469; x_wconf 83' lang='lat' dir='ltr'>adhuc</span> 
     </span>
     <span class='ocr_line' id='line_1_5' title="bbox 172 499 1556 555; baseline -0.005 -12"><span class='ocrx_word' id='word_1_28' title='bbox 172 505 455 543; x_wconf 86' lang='lat' dir='ltr'>Romanorum</span> <span class='ocrx_word' id='word_1_29' title='bbox 480 508 598 555; x_wconf 82' lang='lat' dir='ltr'>poeta</span> <span class='ocrx_word' id='word_1_30' title='bbox 623 499 793 550; x_wconf 74' lang='lat' dir='ltr'>attigit,</span> <span class='ocrx_word' id='word_1_31' title='bbox 825 500 1038 547; x_wconf 76' lang='lat' dir='ltr'>tractavit3</span> <span class='ocrx_word' id='word_1_32' title='bbox 1065 500 1133 547; x_wconf 78' lang='lat' dir='ltr'>(ut</span> <span class='ocrx_word' id='word_1_33' title='bbox 1155 512 1215 550; x_wconf 89' lang='lat' dir='ltr'>ap.</span> <span class='ocrx_word' id='word_1_34' title='bbox 1236 499 1350 550; x_wconf 85' lang='lat' dir='ltr'>Virg.</span> <span class='ocrx_word' id='word_1_35' title='bbox 1377 500 1451 537; x_wconf 87' lang='lat' dir='ltr'>Ge.</span> <span class='ocrx_word' id='word_1_36' title='bbox 1478 499 1556 547; x_wconf 90' lang='lat' dir='ltr'>III,</span> 
     </span>
     <span class='ocr_line' id='line_1_6' title="bbox 174 566 1557 618; baseline -0.006 -7"><span class='ocrx_word' id='word_1_37' title='bbox 174 573 242 611; x_wconf 81' lang='lat'>41.</span> <span class='ocrx_word' id='word_1_38' title='bbox 269 572 412 609; x_wconf 81' lang='lat' dir='ltr'>Horat.</span> <span class='ocrx_word' id='word_1_39' title='bbox 435 571 515 607; x_wconf 80' lang='lat' dir='ltr'>Sat.</span> <span class='ocrx_word' id='word_1_40' title='bbox 543 569 574 615; x_wconf 82' lang='grc' dir='ltr'>Ι,</span> <span class='ocrx_word' id='word_1_41' title='bbox 599 568 637 616; x_wconf 81' lang='grc'>6,</span> <span class='ocrx_word' id='word_1_42' title='bbox 659 566 722 604; x_wconf 76' lang='grc'>66.</span> <span class='ocrx_word' id='word_1_43' title='bbox 753 566 967 618; x_wconf 80' lang='lat' dir='ltr'>ipsumque</span> <span class='ocrx_word' id='word_1_44' title='bbox 993 567 1090 605; x_wconf 77' lang='lat' dir='ltr'>Stat.</span> <span class='ocrx_word' id='word_1_45' title='bbox 1113 567 1222 618; x_wconf 81' lang='lat' dir='ltr'>Sylv.</span> <span class='ocrx_word' id='word_1_46' title='bbox 1247 567 1277 614; x_wconf 86' lang='lat' dir='ltr'>I,</span> <span class='ocrx_word' id='word_1_47' title='bbox 1304 578 1344 610; x_wconf 84' lang='lat'>2,</span> <span class='ocrx_word' id='word_1_48' title='bbox 1367 568 1461 604; x_wconf 79' lang='lat'>258.</span> <span class='ocrx_word' id='word_1_49' title='bbox 1483 566 1557 615; x_wconf 84' lang='grc' dir='ltr'>ΙΙΙ,</span> 
     </span>
     <span class='ocr_line' id='line_1_7' title="bbox 179 633 1560 688; baseline -0.005 -11"><span class='ocrx_word' id='word_1_50' title='bbox 179 651 216 688; x_wconf 83' lang='grc'>1,</span> <span class='ocrx_word' id='word_1_51' title='bbox 247 639 332 688; x_wconf 86' lang='grc'>67.)</span> <span class='ocrx_word' id='word_1_52' title='bbox 361 639 439 675; x_wconf 88' lang='lat' dir='ltr'>nisi</span> <span class='ocrx_word' id='word_1_53' title='bbox 456 634 576 673; x_wconf 80' lang='lat' dir='ltr'>simul</span> <span class='ocrx_word' id='word_1_54' title='bbox 596 633 779 684; x_wconf 81' lang='lat' dir='ltr'><strong>respexit</strong></span> <span class='ocrx_word' id='word_1_55' title='bbox 802 639 923 684; x_wconf 84' lang='lat' dir='ltr'>poeta</span> <span class='ocrx_word' id='word_1_56' title='bbox 953 633 1064 671; x_wconf 88' lang='lat' dir='ltr'>illam</span> <span class='ocrx_word' id='word_1_57' title='bbox 1097 633 1209 671; x_wconf 83' lang='lat' dir='ltr'>vocis</span> <span class='ocrx_word' id='word_1_58' title='bbox 1239 634 1470 681; x_wconf 85' lang='lat' dir='ltr'>notionem,</span> <span class='ocrx_word' id='word_1_59' title='bbox 1507 633 1560 670; x_wconf 85' lang='lat' dir='ltr'>de</span> 
     </span>
     <span class='ocr_line' id='line_1_8' title="bbox 175 699 1559 760; baseline -0.004 -18"><span class='ocrx_word' id='word_1_60' title='bbox 175 720 257 760; x_wconf 82' lang='lat' dir='ltr'>qua</span> <span class='ocrx_word' id='word_1_61' title='bbox 285 719 323 750; x_wconf 62' lang='lat' dir='ltr'>Y.</span> <span class='ocrx_word' id='word_1_62' title='bbox 357 704 404 741; x_wconf 84' lang='lat' dir='ltr'>ad</span> <span class='ocrx_word' id='word_1_63' title='bbox 439 702 512 749; x_wconf 87' lang='lat' dir='ltr'>VI,</span> <span class='ocrx_word' id='word_1_64' title='bbox 557 700 646 739; x_wconf 82' lang='grc'><strong>165.</strong></span> <span class='ocrx_word' id='word_1_65' title='bbox 720 699 924 750; x_wconf 70' lang='lat' dir='ltr'>Rigaffius</span> <span class='ocrx_word' id='word_1_66' title='bbox 956 707 997 737; x_wconf 87' lang='lat' dir='ltr'>et</span> <span class='ocrx_word' id='word_1_67' title='bbox 1027 700 1208 737; x_wconf 79' lang='lat' dir='ltr'>Hennin.</span> <span class='ocrx_word' id='word_1_68' title='bbox 1242 699 1319 738; x_wconf 76' lang='lat' dir='ltr'>hcc</span> <span class='ocrx_word' id='word_1_69' title='bbox 1362 699 1559 751; x_wconf 82' lang='lat' dir='ltr'>loquendi</span> 
     </span>
     <span class='ocr_line' id='line_1_9' title="bbox 177 764 1561 824; baseline -0.005 -13"><span class='ocrx_word' id='word_1_70' title='bbox 177 786 305 824; x_wconf 76' lang='lat' dir='ltr'>genus</span> <span class='ocrx_word' id='word_1_71' title='bbox 331 771 503 823; x_wconf 78' lang='lat' dir='ltr'>petitum</span> <span class='ocrx_word' id='word_1_72' title='bbox 525 767 725 819; x_wconf 82' lang='lat' dir='ltr'>putabant</span> <span class='ocrx_word' id='word_1_73' title='bbox 752 780 775 803; x_wconf 88' lang='lat' dir='ltr'>a</span> <span class='ocrx_word' id='word_1_74' title='bbox 799 767 971 815; x_wconf 87' lang='lat' dir='ltr'>lenone,</span> <span class='ocrx_word' id='word_1_75' title='bbox 1003 768 1063 815; x_wconf 81' lang='lat' dir='ltr'>(v.</span> <span class='ocrx_word' id='word_1_76' title='bbox 1087 766 1137 804; x_wconf 82' lang='lat' dir='ltr'>ad</span> <span class='ocrx_word' id='word_1_77' title='bbox 1161 780 1198 804; x_wconf 88' lang='lat' dir='ltr'>v.</span> <span class='ocrx_word' id='word_1_78' title='bbox 1224 768 1274 805; x_wconf 85' lang='lat'>82</span> <span class='ocrx_word' id='word_1_79' title='bbox 1301 769 1406 818; x_wconf 81' lang='lat' dir='ltr'>seq.)</span> <span class='ocrx_word' id='word_1_80' title='bbox 1436 773 1477 805; x_wconf 85' lang='lat' dir='ltr'>et</span> <span class='ocrx_word' id='word_1_81' title='bbox 1514 764 1561 804; x_wconf 86' lang='lat' dir='ltr'>C.</span> 
     </span>
     <span class='ocr_line' id='line_1_10' title="bbox 179 833 1564 885; baseline -0.005 -8"><span class='ocrx_word' id='word_1_82' title='bbox 179 839 369 880; x_wconf 84' lang='lat' dir='ltr'><strong>Valesius</strong></span> <span class='ocrx_word' id='word_1_83' title='bbox 382 837 420 874; x_wconf 90' lang='lat' dir='ltr'>h.</span> <span class='ocrx_word' id='word_1_84' title='bbox 438 837 464 874; x_wconf 90' lang='lat' dir='ltr'>l.</span> <span class='ocrx_word' id='word_1_85' title='bbox 483 836 540 872; x_wconf 86' lang='lat' dir='ltr'>ita</span> <span class='ocrx_word' id='word_1_86' title='bbox 556 833 928 885; x_wconf 76' lang='lat' dir='ltr'>interpretabatur:</span> <span class='ocrx_word' id='word_1_87' title='bbox 961 836 1046 871; x_wconf 64' lang='lat' dir='ltr'>nisi</span> <span class='ocrx_word' id='word_1_88' title='bbox 1068 835 1219 872; x_wconf 71' lang='lat' dir='ltr'>vendat</span> <span class='ocrx_word' id='word_1_89' title='bbox 1240 836 1398 873; x_wconf 77' lang='lat' dir='ltr'>Paridi</span> <span class='ocrx_word' id='word_1_90' title='bbox 1413 835 1564 884; x_wconf 74' lang='lat' dir='ltr'>Agau-</span> 
     </span>
     <span class='ocr_line' id='line_1_11' title="bbox 180 900 1566 953; baseline -0.005 -9"><span class='ocrx_word' id='word_1_91' title='bbox 180 922 232 945; x_wconf 79' lang='lat' dir='ltr'>en</span> <span class='ocrx_word' id='word_1_92' title='bbox 261 908 485 946; x_wconf 56' lang='lat' dir='ltr'>intactam&gt;</span> <span class='ocrx_word' id='word_1_93' title='bbox 525 902 605 939; x_wconf 84' lang='lat' dir='ltr'>nisi</span> <span class='ocrx_word' id='word_1_94' title='bbox 641 900 691 941; x_wconf 81' lang='lat' dir='ltr'>ad</span> <span class='ocrx_word' id='word_1_95' title='bbox 709 900 956 938; x_wconf 83' lang='lat' dir='ltr'>lenocinium</span> <span class='ocrx_word' id='word_1_96' title='bbox 978 914 1019 938; x_wconf 90' lang='lat' dir='ltr'>se</span> <span class='ocrx_word' id='word_1_97' title='bbox 1045 902 1282 939; x_wconf 85' lang='lat' dir='ltr'>contulisset</span> <span class='ocrx_word' id='word_1_98' title='bbox 1309 901 1566 953; x_wconf 83' lang='lat' dir='ltr'>lepidamque</span> 
     </span>
     <span class='ocr_line' id='line_1_12' title="bbox 181 969 1566 1024; baseline -0.002 -16"><span class='ocrx_word' id='word_1_99' title='bbox 181 973 357 1024; x_wconf 78' lang='lat' dir='ltr'>aliquam</span> <span class='ocrx_word' id='word_1_100' title='bbox 393 971 593 1019; x_wconf 84' lang='lat' dir='ltr'>virginem</span> <span class='ocrx_word' id='word_1_101' title='bbox 625 981 697 1005; x_wconf 89' lang='lat' dir='ltr'>seu</span> <span class='ocrx_word' id='word_1_102' title='bbox 733 969 1059 1017; x_wconf 70' lang='lat' dir='ltr'>meretriculam,</span> <span class='ocrx_word' id='word_1_103' title='bbox 1101 969 1206 1007; x_wconf 83' lang='lat' dir='ltr'>nulli</span> <span class='ocrx_word' id='word_1_104' title='bbox 1235 969 1325 1006; x_wconf 81' lang='lat' dir='ltr'>viro</span> <span class='ocrx_word' id='word_1_105' title='bbox 1359 969 1566 1019; x_wconf 85' lang='lat' dir='ltr'>cognitam</span> 
     </span>
     <span class='ocr_line' id='line_1_13' title="bbox 182 1034 1566 1087; baseline -0.003 -12"><span class='ocrx_word' id='word_1_106' title='bbox 182 1044 227 1076; x_wconf 84' lang='lat' dir='ltr'>et</span> <span class='ocrx_word' id='word_1_107' title='bbox 249 1043 421 1080; x_wconf 83' lang='lat' dir='ltr'>tactam,</span> <span class='ocrx_word' id='word_1_108' title='bbox 450 1035 591 1073; x_wconf 78' lang='lat' dir='ltr'>Paridi</span> <span class='ocrx_word' id='word_1_109' title='bbox 614 1034 922 1085; x_wconf 64' lang='lat' dir='ltr'>suppeditasset.</span> <span class='ocrx_word' id='word_1_110' title='bbox 979 1035 1034 1072; x_wconf 80' lang='lat' dir='ltr'>At</span> <span class='ocrx_word' id='word_1_111' title='bbox 1058 1036 1151 1073; x_wconf 86' lang='lat' dir='ltr'>leno</span> <span class='ocrx_word' id='word_1_112' title='bbox 1171 1036 1337 1087; x_wconf 82' lang='lat' dir='ltr'>proprie</span> <span class='ocrx_word' id='word_1_113' title='bbox 1353 1049 1434 1074; x_wconf 86' lang='lat' dir='ltr'>non</span> <span class='ocrx_word' id='word_1_114' title='bbox 1463 1049 1566 1072; x_wconf 70' lang='lat' dir='ltr'>ven-</span> 
     </span>
     <span class='ocr_line' id='line_1_14' title="bbox 183 1101 1571 1152; baseline -0.001 -11"><span class='ocrx_word' id='word_1_115' title='bbox 183 1105 277 1143; x_wconf 81' lang='lat' dir='ltr'>clere</span> <span class='ocrx_word' id='word_1_116' title='bbox 298 1103 402 1140; x_wconf 86' lang='lat' dir='ltr'>solet</span> <span class='ocrx_word' id='word_1_117' title='bbox 423 1102 681 1145; x_wconf 77' lang='lat' dir='ltr'>meretrices,</span> <span class='ocrx_word' id='word_1_118' title='bbox 714 1115 846 1152; x_wconf 84' lang='lat' dir='ltr'>neque</span> <span class='ocrx_word' id='word_1_119' title='bbox 885 1101 1004 1139; x_wconf 73' lang='lat' dir='ltr'>etiam</span> <span class='ocrx_word' id='word_1_120' title='bbox 1036 1104 1220 1139; x_wconf 67' lang='lat' dir='ltr'>intactas</span> <span class='ocrx_word' id='word_1_121' title='bbox 1248 1103 1446 1152; x_wconf 73' lang='lat' dir='ltr'>virgine53</span> <span class='ocrx_word' id='word_1_122' title='bbox 1489 1102 1571 1139; x_wconf 79' lang='lat' dir='ltr'>nisi</span> 
     </span>
     <span class='ocr_line' id='line_1_15' title="bbox 185 1168 1210 1217; baseline -0.003 -8"><span class='ocrx_word' id='word_1_123' title='bbox 185 1171 293 1209; x_wconf 77' lang='lat' dir='ltr'>dicas</span> <span class='ocrx_word' id='word_1_124' title='bbox 306 1199 316 1217; x_wconf 94' lang='lat'>,</span> <span class='ocrx_word' id='word_1_125' title='bbox 351 1183 442 1207; x_wconf 86' lang='lat' dir='ltr'>eum</span> <span class='ocrx_word' id='word_1_126' title='bbox 465 1169 543 1207; x_wconf 78' lang='lat' dir='ltr'>hoc</span> <span class='ocrx_word' id='word_1_127' title='bbox 570 1168 764 1206; x_wconf 87' lang='lat' dir='ltr'>simulare</span> <span class='ocrx_word' id='word_1_128' title='bbox 787 1173 898 1205; x_wconf 90' lang='lat' dir='ltr'>certe</span> <span class='ocrx_word' id='word_1_129' title='bbox 918 1175 986 1205; x_wconf 83' lang='lat' dir='ltr'>aut</span> <span class='ocrx_word' id='word_1_130' title='bbox 1009 1168 1210 1206; x_wconf 83' lang='lat' dir='ltr'>dictitare.</span> 
     </span>
    </p>

    <p class='ocr_par' dir='ltr' id='par_1_3' title="bbox 184 1234 1583 2498">
     <span class='ocr_line' id='line_1_16' title="bbox 300 1234 1571 1288; baseline -0.001 -13"><span class='ocrx_word' id='word_1_131' title='bbox 300 1239 352 1275; x_wconf 87' lang='lat'>88</span> <span class='ocrx_word' id='word_1_132' title='bbox 383 1250 465 1288; x_wconf 88' lang='lat' dir='ltr'>seq.</span> <span class='ocrx_word' id='word_1_133' title='bbox 524 1235 635 1274; x_wconf 78' lang='lat' dir='ltr'>salse</span> <span class='ocrx_word' id='word_1_134' title='bbox 662 1234 761 1272; x_wconf 75' lang='lat' dir='ltr'>haec</span> <span class='ocrx_word' id='word_1_135' title='bbox 785 1235 892 1273; x_wconf 82' lang='lat' dir='ltr'>dicta</span> <span class='ocrx_word' id='word_1_136' title='bbox 915 1237 1017 1273; x_wconf 86' lang='lat' dir='ltr'>etin</span> <span class='ocrx_word' id='word_1_137' title='bbox 1037 1235 1249 1284; x_wconf 86' lang='lat' dir='ltr'>Paridem,</span> <span class='ocrx_word' id='word_1_138' title='bbox 1287 1237 1378 1288; x_wconf 82' lang='lat' dir='ltr'>qui,</span> <span class='ocrx_word' id='word_1_139' title='bbox 1422 1235 1571 1274; x_wconf 85' lang='lat' dir='ltr'>histrio</span> 
     </span>
     <span class='ocr_line' id='line_1_17' title="bbox 187 1302 1575 1358; baseline -0.001 -15"><span class='ocrx_word' id='word_1_140' title='bbox 187 1319 312 1358; x_wconf 87' lang='lat' dir='ltr'>quum</span> <span class='ocrx_word' id='word_1_141' title='bbox 337 1311 461 1351; x_wconf 83' lang='lat' dir='ltr'>esset,</span> <span class='ocrx_word' id='word_1_142' title='bbox 487 1303 595 1354; x_wconf 82' lang='lat' dir='ltr'>apud</span> <span class='ocrx_word' id='word_1_143' title='bbox 616 1302 897 1341; x_wconf 83' lang='lat' dir='ltr'>Domitianum</span> <span class='ocrx_word' id='word_1_144' title='bbox 927 1303 1056 1353; x_wconf 73' lang='lat' dir='ltr'>gratia</span> <span class='ocrx_word' id='word_1_145' title='bbox 1080 1302 1302 1354; x_wconf 80' lang='lat' dir='ltr'>plurimum</span> <span class='ocrx_word' id='word_1_146' title='bbox 1332 1304 1502 1351; x_wconf 80' lang='lat' dir='ltr'>valebat,</span> <span class='ocrx_word' id='word_1_147' title='bbox 1531 1309 1575 1342; x_wconf 81' lang='lat' dir='ltr'>et</span> 
     </span>
     <span class='ocr_line' id='line_1_18' title="bbox 187 1369 1570 1423; baseline -0.001 -12"><span class='ocrx_word' id='word_1_148' title='bbox 187 1373 233 1411; x_wconf 87' lang='lat' dir='ltr'>in</span> <span class='ocrx_word' id='word_1_149' title='bbox 253 1373 386 1423; x_wconf 84' lang='lat' dir='ltr'>ipsum</span> <span class='ocrx_word' id='word_1_150' title='bbox 405 1371 696 1421; x_wconf 83' lang='lat' dir='ltr'>Imperatorem</span> <span class='ocrx_word' id='word_1_151' title='bbox 710 1398 720 1417; x_wconf 84' lang='grc'>,</span> <span class='ocrx_word' id='word_1_152' title='bbox 758 1371 829 1421; x_wconf 82' lang='lat' dir='ltr'>qui</span> <span class='ocrx_word' id='word_1_153' title='bbox 854 1370 919 1408; x_wconf 74' lang='lat' dir='ltr'>tali</span> <span class='ocrx_word' id='word_1_154' title='bbox 937 1369 1095 1407; x_wconf 83' lang='lat' dir='ltr'>homini</span> <span class='ocrx_word' id='word_1_155' title='bbox 1115 1371 1236 1408; x_wconf 82' lang='lat' dir='ltr'>etiam</span> <span class='ocrx_word' id='word_1_156' title='bbox 1261 1371 1458 1408; x_wconf 74' lang='lat' dir='ltr'>honorum</span> <span class='ocrx_word' id='word_1_157' title='bbox 1480 1373 1570 1409; x_wconf 77' lang='lat' dir='ltr'>lar—</span> 
     </span>
     <span class='ocr_line' id='line_1_19' title="bbox 187 1436 1574 1493; baseline 0.001 -17"><span class='ocrx_word' id='word_1_158' title='bbox 187 1440 434 1493; x_wconf 73' lang='lat' dir='ltr'>giendorum</span> <span class='ocrx_word' id='word_1_159' title='bbox 462 1437 530 1474; x_wconf 85' lang='lat' dir='ltr'>vel</span> <span class='ocrx_word' id='word_1_160' title='bbox 563 1436 872 1475; x_wconf 80' lang='lat' dir='ltr'>vendendorum</span> <span class='ocrx_word' id='word_1_161' title='bbox 905 1443 1148 1488; x_wconf 85' lang='lat' dir='ltr'>potestatem</span> <span class='ocrx_word' id='word_1_162' title='bbox 1182 1437 1427 1486; x_wconf 79' lang='lat' dir='ltr'>indulserat,</span> <span class='ocrx_word' id='word_1_163' title='bbox 1465 1440 1574 1477; x_wconf 86' lang='lat' dir='ltr'>etin</span> 
     </span>
     <span class='ocr_line' id='line_1_20' title="bbox 184 1503 1575 1558; baseline 0.001 -15"><span class='ocrx_word' id='word_1_164' title='bbox 184 1520 374 1558; x_wconf 64' lang='lat' dir='ltr'>proceres</span> <span class='ocrx_word' id='word_1_165' title='bbox 395 1505 528 1551; x_wconf 60' lang='lat' dir='ltr'>Rom„</span> <span class='ocrx_word' id='word_1_166' title='bbox 550 1503 619 1554; x_wconf 83' lang='lat' dir='ltr'>qui</span> <span class='ocrx_word' id='word_1_167' title='bbox 641 1517 725 1541; x_wconf 89' lang='lat' dir='ltr'>non</span> <span class='ocrx_word' id='word_1_168' title='bbox 747 1504 918 1554; x_wconf 82' lang='lat' dir='ltr'>amplius</span> <span class='ocrx_word' id='word_1_169' title='bbox 945 1506 1108 1555; x_wconf 81' lang='lat' dir='ltr'>patroni</span> <span class='ocrx_word' id='word_1_170' title='bbox 1131 1512 1246 1542; x_wconf 79' lang='lat' dir='ltr'>crant</span> <span class='ocrx_word' id='word_1_171' title='bbox 1269 1506 1481 1544; x_wconf 87' lang='lat' dir='ltr'>doctorum</span> <span class='ocrx_word' id='word_1_172' title='bbox 1495 1506 1575 1544; x_wconf 86' lang='lat' dir='ltr'>ho-</span> 
     </span>
     <span class='ocr_line' id='line_1_21' title="bbox 192 1570 1574 1621; baseline -0.001 -9"><span class='ocrx_word' id='word_1_173' title='bbox 192 1574 362 1619; x_wconf 79' lang='lat' dir='ltr'>minum,</span> <span class='ocrx_word' id='word_1_174' title='bbox 389 1584 537 1621; x_wconf 79' lang='lat' dir='ltr'>eosque</span> <span class='ocrx_word' id='word_1_175' title='bbox 558 1584 632 1607; x_wconf 85' lang='lat' dir='ltr'>nec</span> <span class='ocrx_word' id='word_1_176' title='bbox 652 1571 844 1620; x_wconf 83' lang='lat' dir='ltr'>praemiis</span> <span class='ocrx_word' id='word_1_177' title='bbox 866 1585 940 1608; x_wconf 86' lang='lat' dir='ltr'>nce</span> <span class='ocrx_word' id='word_1_178' title='bbox 966 1570 1191 1608; x_wconf 82' lang='lat' dir='ltr'>honoribus</span> <span class='ocrx_word' id='word_1_179' title='bbox 1206 1573 1414 1621; x_wconf 77' lang='lat' dir='ltr'>augebant.</span> <span class='ocrx_word' id='word_1_180' title='bbox 1459 1574 1574 1610; x_wconf 76' lang='lat' dir='ltr'>Haec</span> 
     </span>
     <span class='ocr_line' id='line_1_22' title="bbox 192 1637 1574 1689; baseline 0 -12"><span class='ocrx_word' id='word_1_181' title='bbox 192 1653 292 1677; x_wconf 79' lang='lat' dir='ltr'>vero</span> <span class='ocrx_word' id='word_1_182' title='bbox 326 1639 497 1689; x_wconf 76' lang='lat' dir='ltr'>figurate</span> <span class='ocrx_word' id='word_1_183' title='bbox 531 1637 667 1688; x_wconf 80' lang='lat' dir='ltr'>potius</span> <span class='ocrx_word' id='word_1_184' title='bbox 699 1637 743 1675; x_wconf 86' lang='lat' dir='ltr'>in</span> <span class='ocrx_word' id='word_1_185' title='bbox 774 1651 818 1675; x_wconf 86' lang='lat' dir='ltr'>se</span> <span class='ocrx_word' id='word_1_186' title='bbox 850 1644 891 1675; x_wconf 91' lang='lat' dir='ltr'>ct</span> <span class='ocrx_word' id='word_1_187' title='bbox 924 1637 1131 1686; x_wconf 80' lang='lat' dir='ltr'>Paridem,</span> <span class='ocrx_word' id='word_1_188' title='bbox 1167 1637 1409 1677; x_wconf 78' lang='lat' dir='ltr'>histrionem</span> <span class='ocrx_word' id='word_1_189' title='bbox 1437 1640 1574 1689; x_wconf 85' lang='lat' dir='ltr'>alium,</span> 
     </span>
     <span class='ocr_line' id='line_1_23' title="bbox 196 1703 1574 1759; baseline 0.001 -16"><span class='ocrx_word' id='word_1_190' title='bbox 196 1707 268 1759; x_wconf 86' lang='lat' dir='ltr'>qui</span> <span class='ocrx_word' id='word_1_191' title='bbox 287 1705 364 1742; x_wconf 87' lang='lat' dir='ltr'>sibi</span> <span class='ocrx_word' id='word_1_192' title='bbox 386 1706 430 1741; x_wconf 84' lang='lat' dir='ltr'>in</span> <span class='ocrx_word' id='word_1_193' title='bbox 451 1704 608 1742; x_wconf 77' lang='lat' dir='ltr'>deliciis</span> <span class='ocrx_word' id='word_1_194' title='bbox 637 1703 784 1752; x_wconf 83' lang='lat' dir='ltr'>suerit,</span> <span class='ocrx_word' id='word_1_195' title='bbox 815 1704 921 1743; x_wconf 87' lang='lat' dir='ltr'>dicta</span> <span class='ocrx_word' id='word_1_196' title='bbox 943 1719 1048 1754; x_wconf 84' lang='lat' dir='ltr'>esse,</span> <span class='ocrx_word' id='word_1_197' title='bbox 1077 1705 1310 1744; x_wconf 78' lang='lat' dir='ltr'>Hadrianus</span> <span class='ocrx_word' id='word_1_198' title='bbox 1330 1707 1508 1758; x_wconf 79' lang='lat' dir='ltr'>putabat.</span> <span class='ocrx_word' id='word_1_199' title='bbox 1533 1720 1574 1745; x_wconf 76' lang='lat' dir='ltr'>V.</span> 
     </span>
     <span class='ocr_line' id='line_1_24' title="bbox 194 1771 1574 1825; baseline 0.001 -15"><span class='ocrx_word' id='word_1_200' title='bbox 194 1787 283 1824; x_wconf 84' lang='lat' dir='ltr'>sup.</span> <span class='ocrx_word' id='word_1_201' title='bbox 306 1773 378 1809; x_wconf 80' lang='lat' dir='ltr'>vit.</span> <span class='ocrx_word' id='word_1_202' title='bbox 403 1771 541 1809; x_wconf 77' lang='lat' dir='ltr'>Inven.</span> <span class='ocrx_word' id='word_1_203' title='bbox 653 1771 728 1809; x_wconf 80' lang='lat' dir='ltr'>Ille</span> <span class='ocrx_word' id='word_1_204' title='bbox 750 1772 876 1809; x_wconf 73' lang='lat' dir='ltr'>Paris.</span> <span class='ocrx_word' id='word_1_205' title='bbox 990 1774 1171 1811; x_wconf 77' lang='lat' dir='ltr'>militiae</span> <span class='ocrx_word' id='word_1_206' title='bbox 1191 1773 1395 1818; x_wconf 75' lang='lat' dir='ltr'>honorem,</span> <span class='ocrx_word' id='word_1_207' title='bbox 1426 1774 1574 1825; x_wconf 83' lang='lat' dir='ltr'>gradus</span> 
     </span>
     <span class='ocr_line' id='line_1_25' title="bbox 193 1838 1573 1893; baseline 0 -14"><span class='ocrx_word' id='word_1_208' title='bbox 193 1841 413 1887; x_wconf 73' lang='lat' dir='ltr'>militares,</span> <span class='ocrx_word' id='word_1_209' title='bbox 444 1852 484 1877; x_wconf 85' lang='lat' dir='ltr'>v.</span> <span class='ocrx_word' id='word_1_210' title='bbox 520 1851 554 1875; x_wconf 88' lang='lat' dir='ltr'>e.</span> <span class='ocrx_word' id='word_1_211' title='bbox 591 1838 869 1888; x_wconf 79' lang='lat' dir='ltr'>praefecturas</span> <span class='ocrx_word' id='word_1_212' title='bbox 899 1845 941 1877; x_wconf 87' lang='lat' dir='ltr'>et</span> <span class='ocrx_word' id='word_1_213' title='bbox 970 1840 1200 1878; x_wconf 80' lang='lat' dir='ltr'>tribunatus</span> <span class='ocrx_word' id='word_1_214' title='bbox 1231 1855 1270 1879; x_wconf 86' lang='lat' dir='ltr'>v.</span> <span class='ocrx_word' id='word_1_215' title='bbox 1304 1854 1369 1893; x_wconf 84' lang='lat'>92.</span> <span class='ocrx_word' id='word_1_216' title='bbox 1395 1862 1450 1869; x_wconf 89' lang='lat'>—</span> <span class='ocrx_word' id='word_1_217' title='bbox 1508 1843 1573 1893; x_wconf 83' lang='lat'>89.</span> 
     </span>
     <span class='ocr_line' id='line_1_26' title="bbox 196 1905 1577 1961; baseline 0.004 -19"><span class='ocrx_word' id='word_1_218' title='bbox 196 1907 382 1950; x_wconf 69' lang='lat' dir='ltr'>Auram,</span> <span class='ocrx_word' id='word_1_219' title='bbox 422 1905 462 1943; x_wconf 87' lang='lat' dir='ltr'>h.</span> <span class='ocrx_word' id='word_1_220' title='bbox 488 1918 521 1942; x_wconf 77' lang='lat' dir='ltr'>e.</span> <span class='ocrx_word' id='word_1_221' title='bbox 557 1905 751 1943; x_wconf 82' lang='lat' dir='ltr'>annulum</span> <span class='ocrx_word' id='word_1_222' title='bbox 784 1920 974 1956; x_wconf 82' lang='lat' dir='ltr'>aureum,</span> <span class='ocrx_word' id='word_1_223' title='bbox 1016 1914 1062 1945; x_wconf 88' lang='lat' dir='ltr'>ut</span> <span class='ocrx_word' id='word_1_224' title='bbox 1101 1922 1188 1960; x_wconf 86' lang='lat' dir='ltr'>sup.</span> <span class='ocrx_word' id='word_1_225' title='bbox 1222 1909 1253 1956; x_wconf 87' lang='grc' dir='ltr'>Ι,</span> <span class='ocrx_word' id='word_1_226' title='bbox 1285 1911 1349 1947; x_wconf 85' lang='lat'>28.</span> <span class='ocrx_word' id='word_1_227' title='bbox 1388 1909 1577 1961; x_wconf 78' lang='lat' dir='ltr'>plerique</span> 
     </span>
     <span class='ocr_line' id='line_1_27' title="bbox 196 1972 1579 2024; baseline 0.001 -12"><span class='ocrx_word' id='word_1_228' title='bbox 196 1974 386 2012; x_wconf 81' lang='lat' dir='ltr'>:referunt</span> <span class='ocrx_word' id='word_1_229' title='bbox 419 1972 469 2010; x_wconf 82' lang='lat' dir='ltr'>ad</span> <span class='ocrx_word' id='word_1_230' title='bbox 501 1979 730 2024; x_wconf 84' lang='lat' dir='ltr'>equestrem</span> <span class='ocrx_word' id='word_1_231' title='bbox 760 1972 1016 2024; x_wconf 81' lang='lat' dir='ltr'>dignitatem,</span> <span class='ocrx_word' id='word_1_232' title='bbox 1044 1976 1113 2012; x_wconf 79' lang='lat' dir='ltr'>alii</span> <span class='ocrx_word' id='word_1_233' title='bbox 1131 1989 1228 2013; x_wconf 83' lang='lat' dir='ltr'>vero</span> <span class='ocrx_word' id='word_1_234' title='bbox 1252 1977 1404 2013; x_wconf 84' lang='lat' dir='ltr'>rectius</span> <span class='ocrx_word' id='word_1_235' title='bbox 1424 1976 1472 2013; x_wconf 85' lang='lat' dir='ltr'>ad</span> <span class='ocrx_word' id='word_1_236' title='bbox 1497 1977 1579 2014; x_wconf 82' lang='lat' dir='ltr'>tri-</span> 
     </span>
     <span class='ocr_line' id='line_1_28' title="bbox 198 2041 1580 2094; baseline 0.001 -15"><span class='ocrx_word' id='word_1_237' title='bbox 198 2042 398 2080; x_wconf 82' lang='lat' dir='ltr'>bunatum</span> <span class='ocrx_word' id='word_1_238' title='bbox 428 2041 673 2085; x_wconf 84' lang='lat' dir='ltr'>militarem,</span> <span class='ocrx_word' id='word_1_239' title='bbox 713 2041 878 2078; x_wconf 69' lang='lat' dir='ltr'>vatibus</span> <span class='ocrx_word' id='word_1_240' title='bbox 918 2056 947 2079; x_wconf 83' lang='lat' dir='ltr'>s.</span> <span class='ocrx_word' id='word_1_241' title='bbox 981 2044 1112 2093; x_wconf 88' lang='lat' dir='ltr'>poetis</span> <span class='ocrx_word' id='word_1_242' title='bbox 1147 2057 1170 2080; x_wconf 88' lang='lat' dir='ltr'>a</span> <span class='ocrx_word' id='word_1_243' title='bbox 1202 2043 1348 2080; x_wconf 79' lang='lat' dir='ltr'>Paride</span> <span class='ocrx_word' id='word_1_244' title='bbox 1381 2043 1580 2094; x_wconf 84' lang='lat' dir='ltr'>impetra-</span> 
     </span>
     <span class='ocr_line' id='line_1_29' title="bbox 198 2107 1580 2159; baseline 0.001 -13"><span class='ocrx_word' id='word_1_245' title='bbox 198 2115 286 2146; x_wconf 76' lang='lat' dir='ltr'>tum</span> <span class='ocrx_word' id='word_1_246' title='bbox 309 2120 352 2145; x_wconf 80' lang='lat' dir='ltr'>ac</span> <span class='ocrx_word' id='word_1_247' title='bbox 379 2107 602 2155; x_wconf 79' lang='lat' dir='ltr'>tributum,</span> <span class='ocrx_word' id='word_1_248' title='bbox 633 2121 735 2159; x_wconf 78' lang='lat' dir='ltr'>quae</span> <span class='ocrx_word' id='word_1_249' title='bbox 757 2109 864 2146; x_wconf 83' lang='lat' dir='ltr'>ratio</span> <span class='ocrx_word' id='word_1_250' title='bbox 883 2122 974 2147; x_wconf 89' lang='lat' dir='ltr'>cum</span> <span class='ocrx_word' id='word_1_251' title='bbox 997 2124 1050 2147; x_wconf 76' lang='lat' dir='ltr'>ex</span> <span class='ocrx_word' id='word_1_252' title='bbox 1072 2124 1110 2148; x_wconf 81' lang='lat' dir='ltr'>v.</span> <span class='ocrx_word' id='word_1_253' title='bbox 1134 2111 1198 2148; x_wconf 87' lang='lat'>88.</span> <span class='ocrx_word' id='word_1_254' title='bbox 1230 2111 1428 2156; x_wconf 73' lang='lat' dir='ltr'>(militiae</span> <span class='ocrx_word' id='word_1_255' title='bbox 1450 2110 1580 2148; x_wconf 77' lang='lat' dir='ltr'>hono-</span> 
     </span>
     <span class='ocr_line' id='line_1_30' title="bbox 199 2175 1577 2228; baseline 0.001 -15"><span class='ocrx_word' id='word_1_256' title='bbox 199 2179 302 2220; x_wconf 85' lang='lat' dir='ltr'>rem)</span> <span class='ocrx_word' id='word_1_257' title='bbox 335 2181 374 2211; x_wconf 86' lang='lat' dir='ltr'>et</span> <span class='ocrx_word' id='word_1_258' title='bbox 397 2186 459 2225; x_wconf 83' lang='lat'>92.</span> <span class='ocrx_word' id='word_1_259' title='bbox 493 2175 755 2224; x_wconf 61' lang='lat' dir='ltr'>(Praefectos</span> <span class='ocrx_word' id='word_1_260' title='bbox 766 2176 886 2226; x_wconf 79' lang='lat' dir='ltr'>facit</span> <span class='ocrx_word' id='word_1_261' title='bbox 917 2185 955 2213; x_wconf 73' lang='lat' dir='ltr'>et</span> <span class='ocrx_word' id='word_1_262' title='bbox 996 2178 1219 2225; x_wconf 76' lang='lat' dir='ltr'>Tribunos)</span> <span class='ocrx_word' id='word_1_263' title='bbox 1259 2177 1480 2228; x_wconf 83' lang='lat' dir='ltr'>probabilis</span> <span class='ocrx_word' id='word_1_264' title='bbox 1516 2177 1577 2224; x_wconf 84' lang='lat' dir='ltr'>fit,</span> 
     </span>
     <span class='ocr_line' id='line_1_31' title="bbox 199 2240 1578 2291; baseline 0.004 -13"><span class='ocrx_word' id='word_1_265' title='bbox 199 2240 289 2279; x_wconf 76' lang='lat' dir='ltr'>tum</span> <span class='ocrx_word' id='word_1_266' title='bbox 326 2254 380 2277; x_wconf 84' lang='lat' dir='ltr'>ex</span> <span class='ocrx_word' id='word_1_267' title='bbox 417 2240 600 2291; x_wconf 86' lang='lat' dir='ltr'>epitheto</span> <span class='ocrx_word' id='word_1_268' title='bbox 632 2244 823 2279; x_wconf 74' lang='lat' dir='ltr'>semestri.</span> <span class='ocrx_word' id='word_1_269' title='bbox 893 2243 1045 2281; x_wconf 81' lang='lat' dir='ltr'>Veram</span> <span class='ocrx_word' id='word_1_270' title='bbox 1083 2242 1122 2281; x_wconf 89' lang='lat' dir='ltr'>h.</span> <span class='ocrx_word' id='word_1_271' title='bbox 1158 2244 1184 2281; x_wconf 85' lang='lat' dir='ltr'>l.</span> <span class='ocrx_word' id='word_1_272' title='bbox 1217 2244 1460 2282; x_wconf 86' lang='lat' dir='ltr'>sententiam</span> <span class='ocrx_word' id='word_1_273' title='bbox 1496 2245 1578 2284; x_wconf 84' lang='lat' dir='ltr'>iam</span> 
     </span>
     <span class='ocr_line' id='line_1_32' title="bbox 201 2308 1579 2362; baseline 0.004 -17"><span class='ocrx_word' id='word_1_274' title='bbox 201 2308 426 2346; x_wconf 83' lang='lat' dir='ltr'>declaravit</span> <span class='ocrx_word' id='word_1_275' title='bbox 467 2308 632 2360; x_wconf 89' lang='lat' dir='ltr'>Lipsius</span> <span class='ocrx_word' id='word_1_276' title='bbox 675 2308 765 2345; x_wconf 86' lang='lat' dir='ltr'>Mil.</span> <span class='ocrx_word' id='word_1_277' title='bbox 809 2308 927 2347; x_wconf 86' lang='lat' dir='ltr'>Rom.</span> <span class='ocrx_word' id='word_1_278' title='bbox 961 2310 1014 2358; x_wconf 86' lang='grc' dir='ltr'>ΙΙ,</span> <span class='ocrx_word' id='word_1_279' title='bbox 1045 2324 1082 2362; x_wconf 83' lang='grc'>9.</span> <span class='ocrx_word' id='word_1_280' title='bbox 1120 2310 1184 2349; x_wconf 90' lang='lat' dir='ltr'>his</span> <span class='ocrx_word' id='word_1_281' title='bbox 1222 2312 1381 2349; x_wconf 85' lang='lat' dir='ltr'>verbis:</span> <span class='ocrx_word' id='word_1_282' title='bbox 1437 2312 1579 2360; x_wconf 83' lang='lat' dir='ltr'>„Aevo</span> 
     </span>
     <span class='ocr_line' id='line_1_33' title="bbox 202 2374 1580 2428; baseline 0.004 -16"><span class='ocrx_word' id='word_1_283' title='bbox 202 2374 375 2426; x_wconf 81' lang='lat' dir='ltr'>Augusti</span> <span class='ocrx_word' id='word_1_284' title='bbox 406 2375 514 2413; x_wconf 86' lang='lat' dir='ltr'>aliud</span> <span class='ocrx_word' id='word_1_285' title='bbox 549 2375 768 2414; x_wconf 88' lang='lat' dir='ltr'>discrimen</span> <span class='ocrx_word' id='word_1_286' title='bbox 799 2377 1080 2416; x_wconf 82' lang='lat' dir='ltr'>Tribunorum</span> <span class='ocrx_word' id='word_1_287' title='bbox 1123 2379 1207 2416; x_wconf 82' lang='lat' dir='ltr'>mil.</span> <span class='ocrx_word' id='word_1_288' title='bbox 1249 2379 1486 2428; x_wconf 83' lang='lat' dir='ltr'>subortum,</span> <span class='ocrx_word' id='word_1_289' title='bbox 1532 2385 1580 2418; x_wconf 82' lang='lat' dir='ltr'>ut</span> 
     </span>
     <span class='ocr_line' id='line_1_34' title="bbox 206 2440 1583 2498; baseline 0.004 -19"><span class='ocrx_word' id='word_1_290' title='bbox 206 2442 370 2493; x_wconf 76' lang='lat' dir='ltr'>quidam</span> <span class='ocrx_word' id='word_1_291' title='bbox 400 2444 659 2488; x_wconf 66' lang='lat' dir='ltr'>Latis-lavit,</span> <span class='ocrx_word' id='word_1_292' title='bbox 692 2440 724 2465; x_wconf 79' lang='lat'>³3</span> <span class='ocrx_word' id='word_1_293' title='bbox 767 2443 931 2495; x_wconf 82' lang='lat' dir='ltr'>quidam</span> <span class='ocrx_word' id='word_1_294' title='bbox 962 2447 1279 2498; x_wconf 70' lang='lat' dir='ltr'>Azzgzcstc&#39;clam‘i</span> <span class='ocrx_word' id='word_1_295' title='bbox 1308 2453 1466 2497; x_wconf 83' lang='lat' dir='ltr'>essent3</span> <span class='ocrx_word' id='word_1_296' title='bbox 1505 2447 1583 2497; x_wconf 78' lang='lat' dir='ltr'>illi,</span> 
     </span>
    </p>
   </div>
   <div class='ocr_carea' id='block_1_3' title="bbox 1510 2514 1583 2566">
    <p class='ocr_par' dir='ltr' id='par_1_4' title="bbox 1510 2514 1583 2566">
     <span class='ocr_line' id='line_1_35' title="bbox 1510 2514 1583 2566; baseline 0.014 -15"><span class='ocrx_word' id='word_1_297' title='bbox 1510 2514 1583 2566; x_wconf 80' lang='lat' dir='ltr'>qui</span> 
     </span>
    </p>
   </div>
   <div class='ocr_carea' id='block_1_4' title="bbox 209 2647 1580 2749">
    <p class='ocr_par' dir='ltr' id='par_1_5' title="bbox 209 2647 1580 2749">
     <span class='ocr_line' id='line_1_36' title="bbox 252 2647 1580 2701; baseline 0.006 -19"><span class='ocrx_word' id='word_1_298' title='bbox 252 2647 309 2682; x_wconf 78' lang='lat'>33.</span> <span class='ocrx_word' id='word_1_299' title='bbox 334 2650 390 2682; x_wconf 85' lang='lat' dir='ltr'>vel</span> <span class='ocrx_word' id='word_1_300' title='bbox 410 2651 562 2695; x_wconf 69' lang='lat' dir='ltr'>Equites</span> <span class='ocrx_word' id='word_1_301' title='bbox 581 2652 758 2697; x_wconf 74' lang='lat' dir='ltr'>illustres,</span> <span class='ocrx_word' id='word_1_302' title='bbox 786 2653 849 2698; x_wconf 61' lang='lat' dir='ltr'>quiv</span> <span class='ocrx_word' id='word_1_303' title='bbox 882 2656 1022 2701; x_wconf 75' lang='lat' dir='ltr'>egregii</span> <span class='ocrx_word' id='word_1_304' title='bbox 1041 2663 1204 2690; x_wconf 77' lang='lat' dir='ltr'>vocantur</span> <span class='ocrx_word' id='word_1_305' title='bbox 1221 2653 1263 2695; x_wconf 74' lang='grc' dir='ltr'>Χ,</span> <span class='ocrx_word' id='word_1_306' title='bbox 1289 2654 1345 2699; x_wconf 64' lang='lat'>95.</span> <span class='ocrx_word' id='word_1_307' title='bbox 1371 2655 1432 2688; x_wconf 82' lang='lat' dir='ltr'>ubi</span> <span class='ocrx_word' id='word_1_308' title='bbox 1451 2666 1482 2688; x_wconf 79' lang='lat' dir='ltr'>v.</span> <span class='ocrx_word' id='word_1_309' title='bbox 1507 2663 1580 2690; x_wconf 79' lang='lat' dir='ltr'>not.</span> 
     </span>
     <span class='ocr_line' id='line_1_37' title="bbox 209 2704 492 2749; baseline 0.011 -12"><span class='ocrx_word' id='word_1_310' title='bbox 209 2704 264 2739; x_wconf 74' lang='lat' dir='ltr'>Cf.</span> <span class='ocrx_word' id='word_1_311' title='bbox 281 2704 323 2737; x_wconf 79' lang='lat' dir='ltr'>ad</span> <span class='ocrx_word' id='word_1_312' title='bbox 343 2705 399 2748; x_wconf 84' lang='lat' dir='ltr'>IV,</span> <span class='ocrx_word' id='word_1_313' title='bbox 425 2707 492 2749; x_wconf 52' lang='lat'>52„</span> 
     </span>
    </p>
   </div>
  </div>
 </body>
</html>
