1686 3089
179 214 261 262 256
574 211 1157 253 COMMENTARIVS

181 329 377 379 silvisque
400 332 464 364 tot
482 327 659 379 virgines
684 328 911 379 corrupisse
937 327 1149 377 (licuntur,
1190 327 1291 368 adeo
1324 330 1558 377 senuerunt,⁴

179 396 337 434 adeone
372 395 527 432 viribus
561 409 658 446 prae
681 402 888 433 senectute
915 394 1105 433 exhausti
1135 402 1254 444 sunt,
1295 403 1341 433 ut
1364 409 1445 434 non
1469 408 1558 433 ain-

177 464 287 516 plius
325 462 452 499 amori
481 462 694 512 indulgere
729 461 918 512 possint?
956 461 993 499 11.
1030 477 1064 501 e.
1101 469 1296 514 putasne,
1337 463 1426 500 ruri
1451 462 1558 500 etin

177 531 281 570 loeis
318 529 540 579 agrestibus
571 543 653 567 non
681 529 872 579 amplius,
915 536 958 566 ut
984 530 1081 568 olim
1101 538 1140 568 et
1158 531 1238 568 iam
1267 529 1558 580 antiquissimis

180 597 459 649 temporibUS,
500 594 567 647 (es.
605 596 758 633 Tibull.
785 596 836 643 ΙΙ,
873 610 903 643 1,
935 596 983 639 67
1008 595 1106 649 seq.)
1135 603 1272 648 stupra
1298 601 1338 633 et
1361 595 1562 633 adulteria

180 664 405 711 committi,
441 676 663 714 omnesque
695 663 753 699 ibi
788 662 980 700 moechos
1008 678 1121 702 senes
1145 679 1258 708 esse,
1291 676 1465 714 quorum
1484 676 1560 714 pe-

181 739 299 772 ctora
318 745 402 769 non
425 729 595 779 amplius
617 730 764 766 amoris
783 730 942 780 ignibus
965 731 1239 768 incalescant?
1280 731 1426 767 Facete
1450 730 1559 767 enim

127 827 129 829 ·
177 806 322 854 poeta,
348 811 450 849 quae
477 795 527 833 acl
553 795 742 833 moechos
770 802 975 848 spectant,
1006 798 1095 836 Iovi
1121 797 1326 849 M'hrtique
1345 797 1493 834 tribuit
1519 802 1563 834 et

172 867 414 912 bominum,
438 877 521 900 non
547 862 738 911 deorum,
770 877 926 901 amores
951 870 1163 915 poetarum
1191 864 1338 902 sabulis
1362 863 1560 901 declarari

172 934 325 974 innuit.
395 930 594 967 Similiter
636 929 789 967 Seneca
821 945 882 982 ap.
912 931 1097 969 Laetant.
1143 932 1174 979 Ι,
1213 931 1274 971 16.
1317 931 1433 981 Quid
1463 945 1558 983 ergo

178 985 259 1046 esti
292 1013 418 1052 quare
442 996 562 1047 apud
580 1006 727 1047 poetas
748 999 1032 1036 salacissimus
1062 1000 1222 1049 Iupiter
1251 999 1416 1036 desierit
1452 1000 1558 1036 libe-

177 1083 245 1108 708
277 1066 449 1106 tollere?
511 1073 647 1101 utrum
680 1068 975 1116 saragenczrizcs
1006 1067 1156 1116 saetas
1186 1074 1269 1110 est,
1313 1075 1350 1103 et
1389 1067 1456 1103 illi
1495 1067 1559 1103 lex

178 1137 327 1185 Papia
338 1133 521 1181 fibulam
546 1132 602 1177 (v.
629 1130 678 1167 ad
702 1144 738 1168 v.
772 1133 856 1181 73.)
888 1134 1120 1183 imposuit?

293 1202 346 1239 60
375 1214 455 1250 seq.
516 1198 644 1234 Poeta
669 1198 747 1235 iam
773 1198 969 1237 describit
992 1199 1181 1237 libidines
1211 1200 1428 1237 mulierum
1442 1197 1560 1237 Rom.

175 1283 223 1309 ac
255 1269 434 1320 primum
464 1266 553 1302 loca
564 1294 575 1314 ‚
618 1278 720 1317 quae
754 1266 1020 1318 frequentent
1049 1272 1090 1304 et
1112 1267 1183 1304 ubi
1207 1273 1314 1304 easta
1333 1267 1562 1318 reperiatur

177 1337 302 1376 nulla.
361 1335 426 1371 De
453 1331 539 1381 his,
571 1331 655 1369 scil.
681 1333 931 1383 porticibus,
964 1333 1160 1378 theatris,
1191 1334 1335 1382 circis,
1361 1333 1478 1377 soris,
1505 1334 1560 1372 cf.

179 1403 300 1442 simil.
332 1402 409 1440 loc.
441 1398 564 1438 Ovid.
586 1399 676 1436 Art.
700 1400 791 1441 Am.
815 1401 846 1448 I,
878 1403 930 1451 49
955 1415 1037 1452 seq.
1070 1401 1121 1448 67
1155 1423 1204 1431 ——-
1238 1401 1330 1441 264.
1414 1402 1562 1438 Porti-

178 1486 250 1509 cus
282 1467 574 1507 ambulationes
609 1467 807 1504 columnis
829 1481 1047 1518 suspensae
1072 1468 1315 1519 exedrisque
1334 1468 1562 1505 instructae

170 1539 289 1575 eirca
316 1543 356 1573 et
391 1541 484 1572 ante
517 1535 670 1585 templa
702 1534 963 1585 aedificiaque
999 1540 1081 1571 tam
1115 1536 1277 1585 publiea
1312 1549 1432 1586 quam
1469 1535 1559 1586 pri-—

178 1611 297 1652 vata,
335 1603 402 1640 vel
427 1603 471 1639 in
505 1602 608 1639 atrio
631 1608 670 1638 et
694 1602 892 1652 impluvio
907 1634 917 1650 ,
945 1615 1048 1652 quae
1072 1602 1166 1637 solis
1191 1601 1379 1639 ardorem
1418 1601 1561 1652 pluvi-

174 1685 322 1723 amque
352 1670 553 1707 arcebant.
669 1669 733 1706 61.
762 1670 1021 1719 spectacula,
1061 1667 1221 1706 theatra
1255 1675 1295 1705 et
1328 1667 1559 1718 amphithe-

173 1745 276 1776 atra.
391 1736 522 1773 Canai
564 1735 728 1773 ordines
764 1750 808 1773 ac
858 1735 1000 1773 sedilia
1033 1734 1208 1783 theatri,
1251 1735 1301 1772 de
1340 1735 1484 1786 quibus
1518 1748 1558 1774 v.

171 1805 288 1857 Lips.
335 1803 384 1841 de
427 1802 637 1854 Amphith.
674 1817 706 1840 e.
747 1804 807 1841 13.
930 1817 1168 1853 excerpere,
1203 1803 1363 1852 eligere,
1398 1816 1557 1853 capere.

173 1873 286 1911 63-
309 1872 372 1910 66.
414 1871 608 1908 Feminae
646 1871 768 1908 etiam
810 1870 1070 1918 castissimae,
1101 1871 1284 1908 Vestales
1308 1876 1347 1906 et
1370 1869 1559 1918 rusticae,

169 1939 494 1992 impudicitiam,
529 1938 720 1979 libidines
758 1938 1046 1988 lasciviamque
1077 1937 1238 1975 discunt
1274 1938 1318 1974 in
1339 1936 1445 1973 ludis
1469 1950 1560 1973 see—

170 2008 296 2055 nieis,
331 2007 374 2044 in
401 2006 545 2057 primis
581 2007 629 2044 ab
666 2006 947 2044 Atellanarum
983 2004 1249 2043 histrionibus
1279 2010 1321 2041 et
1354 2005 1559 2054 pantomi-

169 2074 266 2123 mis,
306 2086 435 2124 eoque
470 2074 591 2111 citius
630 2081 669 2111 et
704 2073 885 2120 facilius,
930 2085 1009 2123 quo
1033 2073 1185 2110 maiore
1221 2070 1265 2108 hi
1291 2077 1376 2108 arte
1398 2084 1462 2108 res
1482 2071 1558 2108 ob-

171 2154 337 2179 scoenas
359 2140 404 2177 in
424 2154 544 2179 scena
572 2141 751 2179 saltando
771 2138 1130 2209 gesticulandoque
1156 2139 1394 2189 exprimunt
1415 2144 1456 2176 et
1479 2152 1559 2190 quo

171 2208 334 2245 facilius
372 2206 586 2246 discuntur
627 2221 674 2244 ea
686 2237 696 2256 ,
734 2221 836 2258 quae
867 2206 993 2244 oeulis
1027 2206 1322 2243 subiiciuntur:
1361 2219 1479 2254 nam,
1511 2212 1559 2245 ut

167 2276 294 2313 verba
323 2274 466 2312 Horat.
501 2275 550 2312 Α.
585 2274 630 2311 P.
670 2276 748 2312 180
769 2287 851 2324 seq.
877 2286 965 2310 mea
994 2270 1160 2319 faciam,
1190 2273 1367 2323 Segnius
1390 2275 1561 2312 irritant

170 2344 333 2380 animos
361 2340 540 2380 demissa
572 2355 650 2392 per
681 2355 844 2384 aurem,
886 2341 1021 2390 Quam
1058 2354 1163 2391 quae
1187 2348 1283 2377 sant
1305 2341 1437 2377 oculis
1457 2341 1556 2378 sab-

169 2411 277 2446 iecta
288 2409 494 2458 fidelibus
520 2417 558 2446 et
579 2423 684 2461 quae
726 2409 818 2460 Ipse
843 2408 926 2445 sibi
947 2407 1079 2444 tradit
1101 2415 1317 2458 spectator.
1378 2406 1441 2445 Cf.
1469 2407 1556 2458 Cy-

167 2476 297 2526 priau.
320 2476 452 2528 Epist.
473 2477 526 2524 ΙΙ,
562 2488 598 2516 2.
640 2476 824 2514 Lactant.
846 2474 878 2522 Ι,
911 2486 975 2512 20.
1004 2469 1177 2511 Tei-tull.
1201 2473 1251 2511 de
1281 2480 1406 2526 spect.
1431 2488 1463 2512 c.
1491 2480 1560 2524 17.¹

164 2542 259 2580 Sen.
298 2555 359 2593 ep.
399 2555 434 2592 7.
474 2535 526 2581 etv
553 2543 711 2582 Colum.
741 2541 874 2581 Praef.
941 2540 1172 2580 Henninius
1205 2540 1278 2579 lios
1322 2537 1462 2579 versus
1496 2541 1554 2582 ita

162 2608 408 2647 illustravit:
456 2611 630 2660 „Quum
653 2609 873 2659 Bathyllus
902 2608 1078 2646 scienter
1108 2609 1238 2646 saltat
1279 2614 1320 2645 et
1357 2622 1553 2647 manuum

161 2675 368 2727 totiusque
406 2679 587 2729 eorporis
622 2678 785 2718 erudito
819 2681 933 2713 motu
972 2676 1170 2726 exprimit
1201 2675 1339 2713 Ledae
1384 2675 1550 2713 delicias

158 2742 252 2784 lovi
285 2742 555 2797 blandientis,
583 2760 716 2801 usque
742 2743 843 2786 adeo
867 2743 1064 2796 pruriunt
1085 2743 1247 2783 insanae
1272 2743 1551 2796 spectatrices,

1497 2814 1549 2848 ut
