1686 3089
203 159 284 204 652
605 159 1180 203 COMMENTARIVS

205 280 321 312 erant
357 275 637 324 recitationes,
686 277 793 327 inpr.
833 275 1057 315 carminum
1104 276 1277 315 Homeri
1313 277 1583 327 (conditoris,

206 343 408 390 auctoris,
436 332 616 391 Iliados)
647 350 687 382 et
711 343 887 397 Virgilii.
943 343 1017 380 Illa
1041 343 1090 380 ab
1113 344 1359 382 Homeristis
1380 352 1421 382 et
1449 346 1585 397 pluri-

205 402 315 464 mum
349 411 498 450 Latine
527 411 857 450 decantabantur.
906 409 976 460 (v.
1012 409 1271 448 Wernsdorf
1297 411 1345 448 ad
1380 420 1486 464 poet.
1514 414 1585 452 lat.

205 476 303 513 min.
329 477 378 515 T.
402 479 473 517 IV.
492 494 530 532 p.
556 480 632 526 567
664 478 764 530 seq.)
796 500 849 507 —
910 478 999 525 178.
1027 479 1220 514 Maronis
1244 479 1437 524 altisoni,
1467 495 1590 532 prae-

208 543 336 592 clare,
367 549 417 586 ob
440 548 689 584 maiestatem
716 545 1032 596 dignitatemque
1055 547 1207 596 epicam
1246 545 1451 583 Aeneidis.
1492 563 1588 585 ear-

209 613 325 648 mina
367 614 587 657 stlat-onis,
635 613 807 651 dubiam
839 613 1057 663 facientia
1100 614 1313 663 palmam,
1361 613 1589 659 victoriam,

206 679 505 732 principatum,
552 681 636 718 scil.
682 681 929 719 carminibus
977 680 1162 718 Homeri.
1236 680 1592 732 Comparationem

207 744 383 784 Homeri
415 748 661 800 Virgiliique
687 749 879 787 certatim
901 749 1120 798 instituere
1139 748 1220 785 viri
1244 747 1353 786 docti
1377 755 1418 786 et
1438 751 1593 787 veteris

211 818 253 849 et
282 816 414 853 nostri
448 816 560 860 aevi,
596 830 635 854 v.
673 807 705 854 c.
740 817 861 868 Prop.
895 816 948 864 ΙΙ,
972 817 1037 864 34,
1063 815 1110 852 61
1138 829 1219 866 seq.
1243 815 1423 854 Macrob.
1449 817 1527 854 Sat.
1555 817 1592 861 I,

211 882 275 916 24.
310 887 350 918 et
384 883 488 933 inpr.
516 883 591 926 Jib.
626 884 680 922 V.
704 890 746 922 et
771 885 842 922 VI.
873 884 983 922 Plut.
1009 882 1058 921 de
1082 882 1271 920 Homero
1298 891 1339 921 et
1360 884 1407 922 al.
1433 885 1594 936 passim,

211 948 386 996 Quintil.
413 950 468 993 X,
500 964 532 988 1.
565 952 671 989 Gell.
697 952 772 999 ΙΙΙ,
803 965 862 990 11.
894 951 971 998 IX,
992 965 1028 997 q.
1051 951 1192 999 XVII,
1225 964 1285 989 10.
1318 950 1591 1001 Sealig.Poet.

208 1015 260 1061 V,
284 1028 320 1052 2.
352 1016 528 1055 Ursinus
548 1025 590 1055 et
615 1018 709 1066 alii,
736 1018 808 1056 sed
828 1019 1060 1055 acutissime
1082 1018 1229 1067 Heyue
1251 1019 1295 1054 in
1319 1018 1472 1056 duabus
1494 1020 1596 1057 Dis-

209 1083 378 1133 quisitt„
404 1085 578 1122 Aeneidi
601 1085 842 1136 praemissis.
902 1084 964 1122 Cf.
993 1098 1078 1135 sup.
1105 1083 1154 1121 ad
1180 1084 1252 1130 VI,
1283 1086 1376 1134 437.
1402 1107 1458 1114 —-
1503 1088 1594 1125 180.

209 1164 350 1187 versus
373 1153 500 1201 tales,
541 1160 623 1191 tam
656 1147 858 1203 egregios,
896 1165 1069 1204 quorum
1106 1152 1392 1202 praestantiam
1426 1154 1599 1206 quisque

211 1216 410 1269 intelligit
430 1222 659 1272 sentitque,
691 1221 725 1258 si
747 1221 813 1258 vel
836 1234 859 1257 a
884 1219 977 1257 rudi
999 1233 1127 1268 puero
1155 1219 1258 1256 male
1277 1220 1515 1258 recitentur.

327 1288 416 1325 181.
473 1287 540 1325 Ad
578 1288 718 1340 epulas
755 1287 856 1325 affer
891 1286 1065 1324 hilarem
1107 1286 1287 1324 animum
1334 1287 1600 1340 omniumque

210 1365 403 1393 curarum
427 1362 653 1406 expertem.
683 1377 739 1383 —-
804 1356 892 1393 183.
925 1368 1007 1391 non
1018 1356 1210 1405 senet-is,
1240 1353 1348 1406 quod
1368 1354 1456 1406 ipse
1479 1356 1603 1395 debes

213 1427 283 1456 'aut
307 1422 416 1472 quod
446 1423 525 1460 tibi
556 1423 754 1468 debetur,
799 1423 889 1460 ulla
926 1423 1076 1458 mentio
1108 1427 1150 1458 et
1184 1420 1416 1459 recordatio
1447 1422 1603 1473 ingrata

214 1484 299 1524 scil.
336 1488 390 1526 sit
418 1490 495 1527 tibi
530 1488 678 1534 hodie,
723 1490 793 1528 vel
825 1489 1045 1527 contrahat
1079 1489 1164 1526 tihi
1197 1489 1346 1532 bilem,
1394 1488 1497 1527 iram
1527 1491 1604 1529 tibi

211 1561 376 1593 moveat
396 1563 437 1593 et
460 1556 794 1608 indignationem.

330 1625 408 1661 184
435 1639 516 1675 seq.
574 1624 694 1662 Iocus
730 1623 853 1675 paulo
874 1623 1044 1660 liberior
1071 1621 1359 1672 acerbiorque,
1390 1623 1462 1661 sed
1487 1631 1604 1676 aptus

210 1689 294 1727 illis
313 1691 565 1742 temporibus
584 1705 826 1743 morumque
851 1688 1120 1740 corruptelae.
1239 1689 1326 1726 185.
1357 1690 1438 1727 tibi
1457 1693 1601 1736 tacito,

217 1757 487 1796 dissimulanti
507 1759 784 1810 suspicionem
807 1757 1023 1804 adulterii,
1055 1757 1134 1794 etsi
1160 1757 1255 1794 satis
1282 1757 1534 1807 probabilem
1563 1764 1606 1797 et

215 1839 268 1862 ex
300 1826 441 1864 multis
472 1824 596 1877 Signis
635 1824 691 1878 (v.
736 1826 825 1864 186.
865 1825 985 1874 187.)
1029 1823 1306 1872 manifestam,
1347 1838 1479 1875 neque
1515 1839 1605 1865 eam

212 1894 393 1944 prodere
416 1894 605 1942 audenti;
635 1907 715 1947 quo
735 1899 824 1931 tum
852 1891 1053 1944 patientia
1082 1892 1187 1939 viri,
1223 1897 1311 1929 tum
1348 1893 1491 1930 uxoris
1523 1893 1608 1931 im-

209 1962 377 2011 perium
394 1961 642 2014 libertasque
664 1961 861 1999 dissoluta
894 1966 934 1998 et
968 1958 1164 1996 effrenata
1196 1959 1440 1997 seminarum
1473 1959 1604 1997 libido

213 2028 360 2066 acerbe
383 2035 589 2068 notantur.
651 2029 717 2067 Cf.
745 2030 776 2077 I,
804 2029 870 2066 56.
899 2029 963 2076 57.
984 2026 1057 2074 VI,
1081 2026 1163 2064 206
1191 2040 1273 2078 seq.
1299 2027 1381 2063 224
1405 2040 1485 2078 seq.
1509 2027 1605 2065 433.

210 2095 264 2134 al.
294 2117 352 2124 —
412 2097 502 2136 186.
534 2099 751 2142 multicia,
777 2109 816 2134 v.
842 2095 891 2133 ad
915 2095 968 2141 II,
993 2094 1057 2132 66.
1087 2094 1305 2141 Humida,
1336 2093 1461 2130 effusa
1484 2094 1606 2144 geni-

210 2169 306 2201 tura
347 2178 471 2217 super
501 2171 636 2213 veste,
684 2163 896 2202 GRANG.
933 2162 1026 2198 coll.
1062 2161 1174 2198 Suet.
1206 2160 1305 2198 Ner.
1334 2174 1366 2197 c.
1392 2162 1458 2198 28.
1492 2166 1599 2199 extr.

212 2231 306 2270 Alia
319 2246 446 2285 eaque
468 2232 650 2271 recentia
667 2231 851 2269 libidinis
873 2229 1025 2267 indicia
1048 2233 1144 2264 sunt
1162 2242 1291 2278 rugae
1313 2228 1454 2275 vestis,
1476 2242 1606 2266 vexa-

212 2308 293 2344 tae,
325 2299 526 2349 disiectae,
558 2314 695 2338 comae
712 2298 751 2337 et
776 2299 914 2335 vultus
933 2309 1131 2348 auresque
1155 2296 1332 2333 calentes
1354 2309 1382 2332 s.
1398 2295 1605 2333 rubentes.

214 2365 278 2405 Cs.
306 2368 420 2406 Suet.
439 2369 542 2418 Aug.
575 2367 638 2418 69.
668 2373 709 2403 et
740 2365 864 2414 Calig.
893 2364 957 2402 36.

328 2437 418 2474 188.
477 2437 704 2483 Protenus,
749 2433 986 2479 confestim,
1036 2430 1159 2468 simul
1199 2444 1243 2468 ac
1289 2430 1415 2467 limen
1460 2429 1606 2467 domus

212 2514 327 2541 meae
360 2503 589 2540 intraveris.
713 2499 923 2555 quidquid
948 2499 1056 2536 dolet
1106 2497 1207 2546 tibi,
1253 2502 1296 2534 te
1345 2503 1606 2548 mentemque

213 2575 324 2606 tuam
359 2576 483 2607 vexat
515 2575 555 2607 et
592 2569 710 2620 angit.
760 2562 938 2604 vExuere
975 2565 1128 2617 aliquid
1162 2570 1301 2602 mente
1331 2564 1399 2601 vel
1425 2569 1606 2601 mentem

212 2630 345 2688 aliqua
366 2650 436 2679 re,
463 2650 540 2688 pro
561 2635 771 2683 oblivisci,
799 2640 845 2672 ut
874 2629 1131 2674 ἐκδύσασθαι
1156 2634 1195 2673 τὶ
1223 2637 1265 2669 ct
1287 2626 1403 2680 τινοῖ,
1434 2637 1477 2668 et
1504 2644 1606 2668 con-

212 2710 276 2742 tra
302 2704 472 2741 induere
489 2712 655 2754 patrem
680 2718 742 2756 ap.
768 2701 910 2740 Claud.
932 2700 1051 2739 Cous.
1079 2701 1186 2739 Hon.
1209 2699 1284 2747 ΙΙΙ,
1315 2701 1403 2748 157.
1433 2698 1532 2747 (Cf.
1556 2696 1606 2737 ad
