1686 3089
441 201 518 244 IN
565 202 799 245 IVVEN.
845 200 986 242 SAT.
1022 203 1112 244 VII.
1388 207 1475 254 451

75 318 246 372 poribus
267 329 351 356 non
373 317 495 356 modo
522 317 672 356 tumuli
694 324 948 357 mortuorum
971 319 1119 370 sparsis
1142 318 1311 359 floribus
1334 323 1470 361 corol—

77 385 209 438 lisque
235 385 504 434 ornabantur,
541 386 613 423 sed
640 384 736 423 hinc
771 386 896 424 etiam
928 384 1115 424 homines
1149 387 1369 426 credidisse
1403 392 1470 428 vi-

77 453 247 501 dentur,
274 453 316 490 in
344 453 488 491 iisdem
514 452 634 490 flores
655 466 776 491 suave
802 453 957 491 olentes
978 461 1123 504 spon-*e
1153 457 1262 492 nasci
1298 457 1470 495 Manes-

74 535 157 573 que
189 519 320 558 adhuc
344 521 506 558 coronis
534 521 763 572 annuisque
782 521 1047 559 libationibus
1078 520 1271 560 delectari
1304 530 1345 561 et
1377 540 1467 563 vere

70 598 272 639 perpetuo
291 588 386 626 frui.
399 602 437 626 v.
465 589 576 626 Suet.
600 589 700 638 Aug.
731 589 792 626 18.
817 587 965 626 Athen.
987 588 1083 626 XV.
1109 601 1147 638 p.
1179 589 1271 641 (379.
1296 591 1464 630 Authol.

70 654 167 694 Lat.
188 656 328 693 Burni.
355 656 409 702 II,
433 657 469 692 4.
495 656 621 706 epigr.
646 668 710 706 99.
743 655 835 694 186.
859 662 900 693 et
921 657 1015 705 247.
1050 656 1167 693 Anni.
1202 657 1379 695 Brunck.
1416 659 1465 696 Τ.

72 723 127 760 11.
163 736 201 774 p.
234 724 300 761 25.
337 728 378 759 et
407 723 455 760 T.
493 722 568 760 III.
604 737 642 774 p.
672 724 766 762 303.
797 736 899 775 quae
919 723 1010 760 loca
1032 723 1211 761 laudavit
1235 725 1395 775 Koenig
1418 725 1469 762 ad

74 789 189 827 Pers.
210 789 243 837 I,
267 790 330 827 40.
351 788 422 825 ubi
445 787 545 826 haec
571 791 656 826 cius
679 797 777 827 nota
798 798 876 828 est:
906 790 1173 842 „Beatissima
1197 792 1349 828 mortni
1366 806 1469 830 con-

72 856 204 905 ditio,
231 857 302 899 ,cui
322 856 389 894 vel
412 863 558 894 natura
581 857 670 908 ipsa
697 857 867 895 inferias
892 863 1004 908 agat,
1033 857 1207 895 floribus
1236 860 1279 896 ill
1307 860 1468 898 tumulo

70 930 219 975 §ponte
243 924 519 971 nascentibus,
556 923 721 962 videtur
752 924 940 963 indicari.
994 925 1159 963 Privata
1179 940 1339 977 quoque
1361 940 1468 965 non-

70 991 283 1036 nullorum
308 991 447 1042 opinio
468 991 551 1028 suit
565 1021 575 1038 ‚
605 1005 659 1029 cx
681 992 830 1030 sabulis
850 991 1025 1030 heroum
1045 994 1087 1029 iu
1109 992 1229 1030 flores
1249 1001 1341 1044 post
1354 1007 1468 1031 mor—-

70 1063 158 1103 {tem
190 1064 442 1097 mutatorum
468 1058 644 1097 sortasse
669 1065 780 1106 nata,
812 1059 993 1097 cinerem
1014 1059 1057 1096 in
1078 1058 1201 1097 flores
1227 1062 1380 1099 mutari.
1398 1061 1466 1098 id.-

1119 1128 1142 1146 “
1167 1124 1204 1147 ⁸¹
1317 1128 1468 1166 Crocus

70 1139 154 1177 que
189 1126 426 1176 contingere
462 1139 545 1164 non
575 1126 656 1163 nisi
688 1126 828 1177 probis
851 1139 897 1164 ac
918 1126 1114 1178 pulchris.

70 1199 116 1236 et
132 1198 363 1243 unguenta,
395 1192 500 1244 inpr.
524 1193 711 1240 crocina,
745 1207 826 1231 non
855 1193 977 1231 modo
1003 1194 1046 1230 in
1068 1194 1270 1233 conviviis
1294 1200 1333 1231 et
1348 1194 1467 1232 thea-

70 1260 175 1308 tris,
211 1258 284 1297 sed
316 1259 440 1298 etiam
472 1261 516 1298 in
549 1261 767 1298 funeribus
800 1260 986 1298 adhiberi
1006 1261 1191 1299 solebant
1213 1269 1253 1300 et
1275 1263 1342 1300 vel
1366 1276 1465 1313 rogo

70 1327 241 1374 infundi
264 1327 333 1365 vel
358 1328 536 1375 ossibus,
565 1334 613 1365 ut
634 1341 801 1366 suavem
823 1329 1028 1380 spirarent
1051 1327 1232 1367 odorem.
1257 1342 1296 1367 v.
1323 1331 1470 1369 Iacobs

67 1393 125 1440 jad
146 1393 315 1432 Anthol.
345 1395 418 1433 Gr.
440 1395 488 1433 T.
514 1396 566 1433 II.
594 1396 638 1433 P.
670 1396 700 1433 Ι.
722 1409 760 1447 p.
787 1397 850 1445 78.

183 1463 443 1504 210.·—214.
504 1463 615 1501 Olim
636 1469 928 1514 praeceptores
959 1476 1117 1500 summo
1150 1461 1310 1501 honore
1348 1464 1464 1502 cole-

68 1528 241 1578 bantur,
277 1535 319 1566 at
347 1543 467 1567 -nune
499 1531 568 1568 vel
604 1530 653 1567 ad
677 1529 974 1580 discipulorum
1001 1530 1226 1568 ludibrium
1258 1531 1463 1570 recidunt.

70 1596 120 1640 Id
156 1599 354 1648 probatur
383 1598 584 1649 exemplis
615 1597 820 1641 Achillis,
864 1597 966 1635 tanti
1000 1597 1107 1640 viri,
1149 1599 1219 1649 qui
1241 1599 1319 1635 iam
1340 1611 1464 1648 graffi-

71 1662 166 1709 dior
199 1671 301 1702 natu
323 1664 548 1703 Chironem
573 1665 778 1703 reveritus
803 1671 888 1713 est,
915 1670 957 1701 et
983 1665 1109 1712 Rufi,
1140 1665 1287 1702 summi
1316 1664 1463 1703 rheto-

71 1731 157 1778 15⁵.-
202 1732 459 1783 aliorumque
497 1732 740 1770 recentioris
777 1732 867 1770 aevi
903 1737 1240 1783 praeceptorum,
1269 1745 1368 1782 quos
1395 1732 1462 1770 di-

69 1798 220 1849 scipuli
252 1812 337 1836 non
374 1798 497 1837 modo
528 1798 742 1843 deridere,
785 1798 858 1836 sed
889 1799 1012 1836 etiam
1048 1799 1268 1835 verberare
1295 1797 1462 1836 audent.

70 1865 321 1914 Reverentia
351 1866 424 1903 illa
458 1864 699 1912 σκωπτικῶς
738 1865 972 1915 designatur
999 1864 1137 1903 verbis
1163 1873 1344 1902 metuens
1373 1867 1465 1902 vir-

68 1948 178 1986 gae,
210 1933 313 1970 etin
338 1933 566 1970 ludibrium
594 1933 707 1970 sorte
736 1931 890 1970 Orbilii
913 1931 1091 1983 plagosi3
1134 1938 1174 1969 at
1194 1932 1315 1969 simul
1338 1932 1464 1970 ferox

71 2000 247 2049 ,Achillis
276 2001 461 2048 animus,
491 2001 562 2051 qui
585 2013 668 2037 non
690 2000 769 2037 nisi
793 2005 905 2036 metu
934 1999 1073 2050 virgae
1099 1999 1234 2049 frangi
1269 2001 1464 2050 potueris,

73 2069 194 2117 innui
232 2068 421 2115 videtur,
462 2074 504 2105 et
530 2074 675 2118 poeta,
714 2068 883 2118 opinor,
924 2079 1082 2104 memor
1111 2065 1193 2103 suit
1231 2065 1314 2103 loci
1340 2065 1464 2103 Ovid.

73 2136 122 2177 A.
153 2137 208 2172 A.·
238 2136 270 2184 I,
311 2147 354 2173 11
389 2147 470 2186 seq.
530 2135 686 2173 Versus
714 2140 850 2172 autem
879 2134 972 2171 213.
1006 2132 1058 2170 ad
1081 2146 1170 2171 rem
1196 2145 1290 2168 sane
1313 2132 1463 2170 mirifi-

73 2215 186 2251 gssam,
208 2216 310 2254 quae
337 2208 425 2240 tum
447 2202 641 2253 contigit,
671 2208 854 2254 spectare
879 2199 1055 2239 videtur.
1169 2207 1350 2237 metuens
1372 2201 1462 2238 νίν-,-

122 2345 180 2378 81.
204 2345 262 2378 Cs.
281 2345 389 2378 etiam
407 2344 557 2378 casaub.
581 2343 625 2377 ad
637 2344 734 2380 Suet.
794 2346 917 2377 amicis
965 2344 1139 2383 collecta,
1190 2341 1252 2374 sed
1289 2343 1394 2374 etiam
1426 2344 1462 2375 in

75 2403 161 2443 Ner.
182 2401 239 2446 75.
261 2403 370 2445 Vulp.
405 2401 449 2434 acl
483 2401 583 2447 Prop.
613 2403 642 2442 I,
684 2413 735 2444 Γ,
794 2413 922 2435 urnam
961 2409 996 2433 et
1026 2402 1212 2444 quotannis
1234 2401 1271 2431 iu
1298 2402 1461 2442 sepulcra

75 2471 134 2493 22.
154 2458 360 2490 Kirchman.
384 2459 427 2491 de
450 2459 539 2491 Fun.
555 2460 737 2504 Romjss,
795 2459 852 2492 vel
881 2458 1040 2491 tumulos
1067 2467 1200 2499 sparsos
1233 2468 1304 2488 esse
1319 2481 1329 2498 ‚
1364 2465 1465 2489 vete-

76 2514 112 2547 5.
135 2515 196 2556 lv,
213 2516 245 2547 ὅ.
276 2515 404 2548 Ouzel.
417 2515 461 2548 ad
474 2517 649 2560 Minuc.p.
664 2528 738 2561 109.
796 2528 920 2559 resque
940 2517 1049 2548 etiam
1074 2516 1111 2544 in
1139 2515 1210 2544 suis
1243 2516 1462 2546 testamentis

77 2581 114 2613 et
135 2572 278 2606 Gruter.
296 2574 404 2606 lnscr.
424 2587 457 2618 p.
478 2573 555 2617 752.
584 2576 643 2615 qui
671 2574 740 2605 do-
799 2574 843 2606 de
878 2574 1002 2605 annuis
1034 2570 1209 2602 reditibus
1242 2572 1388 2609 cavisse,
1423 2579 1461 2604 ut

79 2638 178 2671 peut,
212 2633 314 2662 flores
356 2631 444 2665 bene
474 2632 607 2665 olentes
637 2639 741 2674 atque
800 2631 944 2663 corollis
1003 2635 1242 2672 parentaretur
1297 2625 1462 2660 Manibu-

83 2685 211 2718 σάοι-ες
237 2698 309 2718 non
335 2687 445 2719 modo
477 2689 511 2719 in
532 2689 660 2721 lectum
685 2688 742 2719 se-
798 2690 883 2721 suis.

78 2744 214 2786 talem,
246 2745 282 2776 in
317 2744 481 2785 bustum,
524 2747 560 2777 iu
595 2756 667 2776 ossa
697 2744 738 2777 ab

960 2800 1087 2840 Fs2
