1686 3089
456 182 536 225 IN
575 181 813 225 IVVEN.
869 182 1009 226 SAT.
1050 184 1127 223 111.
1416 188 1494 235 125

102 311 217 338 sacro
244 297 473 337 communis
500 297 642 337 suerit.
699 297 796 336 Non
827 298 960 336 minus
993 304 1158 349 argutae
1191 305 1284 337 sunt
1311 301 1502 352 explica*

100 366 236 404 tiones
267 365 449 409 Ferrarii
481 365 533 403 R.
567 366 609 403 V
611 371 683 403 est.
716 365 794 409 III,
835 378 893 404 12.
924 371 964 403 et
986 366 1171 404 Turnebi
1196 366 1299 405 Adv.
1331 368 1406 416 III,
1432 381 1491 418 17.

97 431 332 471 Henninius
357 433 629 481 existimabat,
657 433 925 484 trechedipna
949 434 994 470 in
1013 433 1178 472 scholiis
1201 441 1298 472 vett.
1321 433 1371 473 ad
1391 437 1492 486 gal-

95 500 252 538 lic-alas
282 500 359 550 (ita
391 501 499 538 enim
533 500 610 550 leg.
649 513 727 551 pro
763 501 994 552 caligulas)
1036 502 1210 548 Graias,
1264 500 1303 538 11.
1342 512 1375 538 e.
1407 502 1492 539 cal-

96 573 309 605 ceamenta
325 574 558 619 pastorum,
598 572 711 615 (nam
741 569 801 606 ita
842 569 885 606 in
913 567 1045 606 Gloss.
1067 570 1155 607 MS.
1190 582 1250 618 ap.
1276 567 1406 605 carol.
1436 568 1492 613 du

93 634 249 672 Fresne
264 664 275 683 ,
301 640 407 672 teste
431 635 663 682 Scriverio,
693 642 981 687 exponuntur,
1013 642 1059 673 ut
1083 632 1276 690 zpoxcicisg·
1304 636 1346 673 in
1371 636 1488 686 gloss.

93 701 227 752 vulg.)
257 707 299 739 et
325 699 490 753 quidem
510 701 735 740 rectissime
766 701 894 751 trahi,
935 709 983 741 ut
1018 703 1117 741 adeo
1154 703 1391 754 indignetur
1415 706 1490 755 Sa-

92 769 260 818 tiricus,
302 771 422 806 etiam
444 768 618 806 rusticos
646 769 774 807 Graio
803 783 919 808 more
959 771 1039 808 iam
1066 771 1261 819 calceari,
1302 772 1488 811 fastidito

93 836 245 888 patrio.
374 835 439 873 68.
482 835 609 872 Poeta
638 837 879 886 perstringit
917 838 1102 876 insanum
1137 839 1285 877 artium
1317 855 1488 891 gymna-

93 903 287 941 sticarum
312 901 513 950 studium,
553 915 606 940 ex
632 903 807 941 Graecia
830 904 1003 942 Romam
1032 907 1292 954 translatum,
1331 914 1376 944 ut
1393 908 1487 947 Ho-

90 970 222 1010 ratius
245 969 377 1022 Epist.
398 969 451 1018 II,
481 982 514 1017 1,
540 970 607 1010 32.
633 971 697 1008 33.
730 977 770 1008 et
804 972 909 1009 Plin.
944 972 1131 1022 XXXV,
1173 986 1234 1012 12.
1291 975 1388 1013 Vile
1412 989 1488 1013 au-

91 1043 177 1076 tem
207 1043 251 1075 et
280 1037 434 1075 infame
468 1036 576 1087 apud
619 1036 830 1076 Romanos
864 1046 1025 1078 veteres
1073 1046 1115 1077 et
1149 1041 1280 1078 adhuc
1312 1043 1486 1080 rusticos

92 1111 300 1143 certamen
322 1105 536 1155 agonicum
561 1110 602 1141 et
622 1105 908 1155 gladiatorium
932 1108 1199 1157 exercitium,
1237 1107 1340 1147 Ach.
1366 1123 1404 1148 v.
1435 1110 1488 1149 ad

88 1172 146 1221 II,
186 1174 275 1211 143.
345 1173 564 1209 Niceteria
606 1173 802 1210 victoriae
837 1175 1017 1224 signum,
1064 1175 1173 1227 quod
1207 1189 1282 1227 pro
1317 1191 1485 1229 magnae

87 1238 222 1278 laudis
246 1238 396 1289 insigni
422 1240 601 1291 parasito
628 1240 860 1290 gestabatur
891 1241 990 1280 alios
1030 1242 1229 1281 edacitate
1248 1246 1482 1296 superanti3

92 1306 352 1346 Omnibonus
387 1306 436 1345 ab
463 1306 565 1345 Ach.
598 1307 808 1352 laudatus,
861 1310 932 1361 qui
955 1310 1075 1347 etiam
1109 1324 1185 1362 pro
1212 1312 1483 1364 trecheclipna

59 1368 61 1370 ¹
87 1374 307 1425 legendum
358 1375 529 1426 putabat
579 1375 862 1421 richz'clc'mna,
905 1376 1162 1427 sudarium,
1221 1392 1302 1431 quo
1358 1394 1483 1432 para-

89 1443 157 1480 siti
210 1441 398 1480 sudantes
446 1443 490 1480 in
541 1443 815 1491 coenacu10,‹
864 1457 988 1495 quum
1038 1446 1136 1483 vino
1189 1447 1361 1498 ciboque
1410 1462 1482 1486 re-

88 1509 277 1561 plentur,
347 1510 660 1560 absterguntur,
719 1510 776 1563 sic
820 1510 975 1549 dictum
1009 1527 1031 1550 a
1075 1512 1148 1550 Gr.
1194 1515 1342 1561 rectis,
1405 1530 1481 1555 su-

85 1576 260 1614 darium.
318 1577 537 1614 Niceterzfa
552 1605 566 1622 ,
610 1570 853 1631 νικητήρια,
890 1579 1073 1630 praemia
1108 1580 1308 1618 victoriae
1339 1589 1380 1621 et
1411 1584 1482 1621 in-

83 1644 213 1695 signia
240 1644 434 1696 pugilum.
566 1645 725 1682 Collum
762 1648 1077 1691 ceromatieum,
1150 1656 1352 1689 ceromate
1398 1664 1480 1690 un-

84 1718 208 1750 ctum.
275 1712 468 1755 Cet-omn,
541 1708 740 1765 πήρωμα,
802 1719 1058 1764 unguentum
1100 1714 1370 1766 athletarum,
1423 1733 1479 1758 ex

84 1780 194 1828 oleo,
248 1792 341 1816 cera
373 1780 575 1830 certisque
611 1786 745 1817 terrae
777 1781 963 1831 partibus
1001 1782 1248 1820 confectum.
1284 1794 1336 1822 'v.
1371 1785 1478 1824 Plin.

81 1846 289 1895 XXVIII,
308 1847 345 1884 4.
366 1861 397 1885 s.
425 1849 484 1885 13.
513 1847 700 1898 XXXV,
728 1859 788 1886 12.
819 1848 878 1886 13.
907 1847 1059 1900 Spanh.
1088 1848 1138 1887 ad
1165 1849 1323 1890 callim.
1347 1852 1408 1900 ‚H.
1431 1854 1476 1891 in

79 1915 180 1954 Pall.
205 1929 243 1954 v.
276 1916 342 1954 25.
369 1920 411 1952 et
431 1927 498 1967 29.

192 2005 388 2056 69-74.
431 1999 580 2042 Gra‘eei
609 2001 719 2056 (nam
753 2002 802 2041 ad
836 2002 909 2042 hos
937 2006 1068 2044 oratio
1107 2001 1233 2060 redit)
1263 2020 1316 2045 ex
1340 2009 1475 2047 omni—

75 2073 154 2112 bus
177 2072 377 2111 Graeciae
398 2072 582 2123 partibus
606 2085 650 2108 ac
675 2071 776 2108 locis
799 2071 973 2109 Romam
1010 2072 1223 2111 confluunt
1258 2081 1299 2112 et
1330 2075 1473 2114 alienis

75 2140 262 2192 pecuniis
280 2139 599 2190 locupletantur.
630 2137 695 2177 Cs.
716 2139 766 2176 ad
787 2138 880 2187 VII,
909 2140 958 2177 14
985 2153 1066 2192 seq.
1177 2141 1326 2192 Sicyon
1330 2170 1343 2187 2
1374 2145 1472 2182 urbs

76 2206 255 2247 Achaiae
288 2206 567 2258 antiquissima
589 2206 633 2244 in
667 2206 973 2258 Peloponneso,
1025 2208 1094 2248 ἐπὶ
1121 2205 1251 2261 λόφον
1281 2206 1471 2263 ἐρυμνόν,

76 2280 183 2312 teste
196 2275 325 2313 Strab.
340 2274 457 2312 VIII.
483 2288 522 2325 p.
548 2274 639 2324 587.
661 2273 770 2314 unde
793 2273 832 2311 11.
856 2275 872 2312 l
916 2275 1018 2313 alta.
1033 2273 1066 2297 ¹⁵
1147 2276 1353 2325 Amydon,
1377 2292 1468 2331 opp.

75 2341 297 2390 Paeoniae,
336 2342 465 2393 partis
487 2341 777 2389 Macedoniae,
814 2348 957 2380 notum
985 2343 1106 2380 etiam
1128 2356 1181 2381 ex
1205 2343 1328 2381 Hom.
1358 2345 1406 2383 Il.
1427 2351 1468 2398 st,

78 2410 172 2462 849.
283 2409 450 2448 Andros
470 2409 544 2456 ins.
566 2409 610 2446 in
632 2409 732 2446 mari
746 2408 906 2460 Aegaeo
924 2424 947 2448 c
967 2409 1228 2461 Cycladibus.
1323 2411 1469 2455 Samos

126 2563 178 2596 15.
202 2561 243 2594 Id
268 2572 375 2594 nemo
400 2562 512 2603 intpp.
531 2562 680 2603 notavit,
715 2569 747 2593 et
805 2573 877 2593 esse
912 2569 945 2594 et
976 2563 1193 2594 eminentem
1229 2563 1351 2599 doceat
1386 2568 1466 2603 ΡΠ,

77 2621 237 2664 plerique
277 2619 466 2662 Sicyonem
500 2617 534 2649 h.
568 2619 592 2650 1.
625 2617 747 2650 dicunt
803 2622 905 2657 nius,
951 2621 1068 2650 nescio
1108 2630 1178 2661 quo
1211 2621 1304 2654 loco.
1351 2625 1466 2668 Equi-

76 2688 149 2708 esse
200 2677 352 2709 insulam
397 2677 433 2707 in
476 2676 563 2706 mari
606 2673 745 2716 Aegaeo
803 2675 887 2707 dem
913 2675 955 2706 de
981 2676 1043 2707 tali
1068 2677 1182 2708 insula
1206 2690 1380 2724 nusquam
1408 2686 1465 2716 le-

73 2740 194 2766 contra
221 2733 457 2778 Epidaurum,
490 2743 596 2776 quam
621 2730 736 2766 altam
794 2742 874 2776 gere
901 2731 1035 2775 aliquid
1059 2735 1221 2768 memini.
