1686 3089
192 152 275 206 678
578 148 1171 192 COMMENTARIVS

194 268 326 315 kind)
364 280 439 306 nos
462 279 562 306 vero
590 266 741 318 reliqui
774 265 960 303 homines
984 266 1088 304 viles
1118 267 1234 318 pulli
1264 271 1358 307 nati
1381 268 1576 320 infelici-³

197 336 272 374 bus
293 338 403 380 ονίε,
434 334 473 373 h.
498 349 530 373 e.
559 335 765 373 communi
789 332 999 371 hominum
1027 334 1217 372 fortunae
1239 336 1436 375 obnoxii?
1479 338 1575 378 Ho÷

193 416 287 442 rum
313 403 639 454 proverbiorum,
668 402 812 453 quibus
837 414 1052 452 perperam
1074 410 1311 454 comparant
1333 404 1446 454 illud,
1470 405 1576 443 mali

196 473 310 507 corvi
337 471 492 508 malum
521 485 664 514 ovum,
706 470 820 520 origo
846 469 1003 507 incerta
1029 467 1160 518 est,¹9
1209 476 1250 508 et
1284 471 1424 510 forsan
1443 472 1575 511 dedu-

196 537 324 575 cenda
361 539 426 576 vel
466 552 489 575 a
526 537 745 590 praecipua
779 536 1020 587 gallinarum
1059 538 1103 575 in
1137 538 1259 589 pullis
1302 539 1579 578 custodiendis

196 603 545 657 defendendisque
590 603 807 641 sedulitate
849 610 891 641 et
933 604 1128 654 singulari
1165 618 1260 656 erga
1297 619 1366 644 eos
1407 606 1583 654 aflectu3

194 674 508 726 (φιλοστοργίᾳ,
558 672 608 709 de
645 685 722 724 qua
745 685 783 709 v.
819 670 1010 709 Bochart.
1046 672 1212 710 Hieroz.
1243 673 1294 720 II,
1331 686 1365 722 1,
1398 675 1482 716 18.)
1510 675 1582 713 vel

194 741 332 791 potius
357 757 377 778 a
400 755 492 778 raro
514 746 636 792 partu
659 746 700 778 et
720 740 936 778 sterilitate
955 741 1145 778 albarum
1163 741 1439 792 gallinarum,
1463 755 1580 792 quae,

195 814 244 845 ut
264 809 390 846 verba
415 807 664 847 columellae
688 808 739 845 R.
760 808 810 845 R.
838 808 956 855 VIII,
978 821 1015 855 2,
1042 821 1076 858 7.
1120 823 1210 847 mea
1232 809 1402 857 faciam,
1454 823 1581 861 quum

195 878 283 914 sint
305 878 394 927 sere
428 877 568 914 molles
596 891 646 914 ac
678 878 815 914 minus
848 879 1027 920 vivaces,
1059 885 1146 914 tam,
1175 890 1224 915 ne
1248 877 1461 929 fecundae
1483 879 1583 929 qui-

195 943 289 980 dem
322 945 462 996 facile
492 946 766 995 reperiuntur.
822 941 944 982 Conf.
965 944 1064 982 Var.
1087 944 1204 981 Lect.
1236 965 1288 973 —-
1339 945 1585 996 infelicibus

193 1012 305 1059 ovis,
354 1012 442 1050 avis
480 1013 777 1064 inauspicatae,
836 1007 952 1065 (mali
999 1012 1168 1061 ominis)
1200 1018 1269 1049 aut
1306 1013 1481 1049 cornicis
1513 1017 1583 1050 aut

194 1077 371 1116 bubonis
395 1086 464 1118 aut
489 1081 625 1132 potius
647 1081 785 1127 corvi,
815 1092 939 1117 ovum
953 1092 1028 1130 per
1046 1093 1091 1116 os
1118 1078 1343 1123 reddentis,
1369 1079 1587 1117 BRIT.---

203 1145 293 1182 143.
325 1146 431 1191 hile,
483 1155 530 1186 ut
567 1148 620 1196 V,
662 1149 750 1199 159.
779 1168 836 1175 --
923 1148 1014 1184 144.
1062 1147 1234 1198 Confer,
1280 1161 1468 1197 compara
1510 1153 1586 1185 tuo

198 1211 367 1263 damno,
420 1229 522 1266 quae
557 1217 627 1253 alii
660 1216 899 1267 patiuntur,
938 1215 1164 1258 latronem,
1217 1214 1431 1262 sicarium,
1484 1228 1586 1251 eon-

195 1279 365 1318 ductum
396 1283 585 1321 mercede
617 1282 668 1321 ad
700 1297 844 1321 necem
878 1282 1001 1320 alicui
1033 1280 1314 1329 inserendam,
1367 1288 1408 1319 et
1439 1284 1590 1320 incen-

197 1344 272 1383 dia
302 1349 481 1387 excitata
511 1351 697 1402 sulficre,
728 1351 819 1388 sace
850 1350 1008 1401 aliaque
1032 1350 1201 1387 materia
1228 1349 1440 1397 sulsurata,
1482 1363 1586 1401 quae

197 1414 332 1451 dolose
366 1418 550 1467 apposita
575 1424 637 1455 est
661 1420 841 1461 ianuae,
871 1423 919 1455 ut
942 1416 1042 1462 haec
1066 1419 1228 1467 primos
1254 1418 1428 1468 colligat
1454 1419 1586 1469 igne-5,

199 1486 240 1518 et
261 1482 396 1520 exitus
419 1485 710 1534 praecludatur
732 1485 797 1527 iis,
830 1485 899 1535 qui
920 1485 964 1521 in
985 1483 1107 1522 domo
1131 1490 1239 1521 sunt.
1277 1483 1340 1521 Cf.
1363 1484 1440 1532 IX,
1463 1485 1530 1535 98.

318 1550 392 1599 147
412 1564 493 1602 seq.
538 1551 663 1588 Varia
687 1551 888 1600 sacrilegii
909 1564 1058 1600 genera
1083 1556 1255 1588 venuste
1277 1550 1586 1599 adumbrantur,

200 1621 243 1653 et
263 1630 404 1667 magna
427 1619 489 1655 vis
524 1619 631 1656 inest
664 1618 706 1655 in
741 1616 947 1668 epithetis⁴
1041 1618 1131 1655 148.
1160 1617 1398 1655 adorandae
1423 1619 1589 1669 robigi-

198 1685 289 1727 nis,
319 1685 577 1722 venerandae
605 1685 880 1736 antiquitatiS,
930 1698 1009 1736 qua
1040 1684 1220 1735 pretium
1254 1697 1398 1723 eorum
1418 1692 1590 1736 augetur

198 1756 240 1788 et
270 1752 384 1802 quasi
424 1753 625 1790 sanctitas.
717 1752 880 1803 Robigo
916 1757 1051 1789 autem
1092 1750 1131 1788 h.
1163 1751 1189 1788 1.
1226 1750 1280 1788 id.
1317 1751 1381 1804 qd.
1425 1759 1591 1804 aerugo,

197 1818 321 1866 aeris,
374 1833 457 1857 non
500 1820 604 1857 ferri
635 1819 797 1856 vitium.
839 1840 894 1848 --
993 1819 1082 1870 149.
1112 1819 1265 1863 Dona,
1315 1814 1591 1871 οἷναθὴματα,

201 1884 334 1935 (unde
356 1893 397 1925 et
430 1899 529 1925 mox
559 1889 746 1937 positas)
789 1894 832 1924 et
867 1886 1031 1939 quidem
1059 1900 1143 1925 non
1174 1887 1427 1936 singulorum
1452 1886 1591 1926 homi-

201 1966 322 2002 num,
359 1953 427 1991 sed
463 1955 716 2005 populo-ram.
748 1960 789 1991 et
820 1956 991 2006 antiqui
1022 1955 1145 2005 regis,
1203 1953 1326 2002 „Non
1355 1954 1406 1992 de
1432 1955 1590 1994 Romae

200 2022 370 2071 regibus
403 2020 470 2058 hic
504 2022 713 2073 loquitur,
766 2021 836 2059 sed
868 2020 918 2059 de
949 2021 1113 2070 regibus
1146 2022 1209 2059 rei
1239 2021 1429 2072 publicae
1456 2023 1593 2072 sociis,

204 2086 255 2125 de
276 2088 416 2126 Attalo
451 2089 644 2140 aliisque,
691 2089 760 2127 vel
797 2089 968 2126 ducibus
992 2087 1411 2139 Carthaginiensium,
1455 2090 1592 2128 Grae-

204 2168 366 2203 corum,
411 2157 632 2207 Syrorum,
678 2155 977 2207 Aegyptiorum
1007 2162 1107 2205 cet.‚
1164 2157 1234 2208 qui
1264 2169 1384 2207 saepe
1418 2170 1589 2196 coronas

203 2222 361 2274 aliaque
395 2222 501 2262 dona
532 2224 623 2261 Iovi
651 2223 885 2275 Capitolino
908 2224 1082 2262 Romam
1105 2223 1369 2272 n1iftebant;“
1418 2223 1518 2261 Ach.
1547 2230 1592 2263 et

203 2289 404 2328 Dusaulx.
464 2291 600 2342 Vulgo
633 2297 768 2329 autem
793 2305 878 2330 non
914 2291 1018 2329 male
1049 2291 1325 2341 suspicantur,
1360 2296 1469 2328 tecte
1494 2290 1534 2329 h.
1560 2293 1591 2330 l.

204 2357 340 2395 notari
373 2357 607 2408 Neronem,
658 2360 803 2411 (quem
835 2364 876 2396 et
905 2357 1224 2406 incendiarium,
1270 2364 1312 2395 et
1347 2359 1590 2409 sacrilegum

257 2468 309 2500 10.-
347 2457 419 2490 Alii
455 2469 533 2491 eam
573 2457 656 2490 inde
696 2464 869 2501 repetunt,
929 2456 975 2499 (v.
999 2456 1095 2489 Suet.
1124 2456 1232 2491 Galb.
1256 2469 1285 2490 1.
1321 2457 1390 2490 Dio
1424 2457 1589 2493 XLVssL·

208 2513 302 2555 quod
337 2514 484 2547 candida
514 2516 620 2557 boui,
650 2517 750 2557 nigra
782 2516 868 2546 mali
925 2528 958 2559 p.
984 2514 1061 2558 589.
1099 2514 1192 2547 Plin.
1213 2514 1287 2555 XV,
1308 2516 1362 2546 50.
1382 2527 1408 2547 s.
1428 2517 1499 2559 4ο.)
1525 2516 1588 2548 alii

208 2572 336 2602 ominis
361 2573 447 2615 siut3
485 2574 544 2605 alii
571 2586 589 2605 a
620 2573 751 2615 gallina
779 2571 869 2611 alba,
925 2584 1007 2604 vero
1035 2584 1051 2603 a
1081 2572 1197 2613 Leda,
1231 2571 1300 2604 duo
1327 2583 1388 2603 ova
1421 2573 1588 2615 pariente,

207 2627 250 2659 ab
283 2629 397 2668 aquile
430 2630 705 2671 praetervolante
734 2631 770 2660 in
803 2629 867 2660 Li-
926 2640 943 2660 e
973 2629 1100 2671 quibus
1131 2630 1350 2664 immortales
1387 2638 1420 2663 et
1448 2637 1586 2669 morta-3

205 2686 280 2718 viae
300 2684 477 2718 Drusillae
502 2689 678 2728 gremium
698 2685 868 2728 demissa5
925 2687 976 2720 les
998 2687 1084 2720 nati·
