1686 3089
494 183 570 226 IN
607 183 842 225 IVVEN.
873 183 1014 225 SAT.
1058 184 1176 227 xm.-
1450 187 1534 234 685

151 298 226 340 tibi
248 299 443 342 invidiam
467 301 645 340 conflent
667 306 710 339 et
730 299 885 354 hodium.
938 300 1198 341 Praestiterit
1217 309 1365 353 tamen,
1391 305 1535 350 verba,

151 369 225 408 sed
261 385 427 422 corpore
465 379 610 408 trunco
646 390 703 399 —
732 364 826 408 ¹vita
856 370 1082 408 iucundius
1116 373 1236 422 ipsa,
1287 375 1461 424 iungere
1493 379 1538 412 et

151 437 323 477 Calvino
350 439 553 487 tribuere,
582 444 630 492 ut
649 451 790 476 sensus
817 438 888 476 sit:
936 438 1020 476 Sed
1044 439 1112 477 vel
1133 440 1347 479 minimum
1371 443 1538 492 sangui·-

149 518 244 544 nern
270 506 305 543 si
331 521 353 544 e
375 513 566 546 truncato
592 507 780 544 scelerati
796 505 973 544 hominis
998 520 1172 557 corpore
1192 508 1357 546 effluere
1379 510 1542 558 videro,=

147 572 192 610 id
223 573 327 611 mihi
359 575 478 613 dabit
508 575 662 612 solatia
693 575 932 617 invidiosa,
987 573 1229 622 invidenda,
1281 578 1540 628 amplissima,

151 654 254 692 quae
288 640 391 679 mihi
428 642 516 693 quis
550 641 739 680 invidere
776 643 926 694 possit3
984 651 1029 680 at
1068 643 1258 681 vindicta
1292 651 1354 681 cst
1388 646 1540 685 bonum,

150 709 376 746 iucundius
416 712 512 760 ipsa
546 712 648 748 vita.
739 710 803 748 Ita
840 724 916 761 pro
957 711 1017 748 At
1052 711 1249 762 suspicari
1287 713 1423 764 possis
1458 714 1538 752 Et.-

147 774 251 813 illud
279 789 379 814 vero
415 777 726 815 convenientius
759 777 946 825 affectui,
988 779 1032 816 in
1057 793 1137 830 quo
1167 786 1280 817 certe
1313 781 1386 818 sed
1418 793 1543 833 saepe

146 844 363 894 repetitur.
389 841 432 861 ²²
459 866 517 873 —
607 847 695 883 180.
727 844 790 883 Cf.
826 846 948 884 Hom.
987 846 1034 884 ΙΙ.
1058 850 1108 895 Σ,
1138 849 1216 885 108
1239 862 1322 900 seq.
1364 847 1542 887 Aristot-

147 910 319 950 Rhetor.
350 912 382 960 Ι,
422 926 480 951 11.
520 913 575 961 II,
599 925 638 950 2.
680 913 771 950 Sen.
795 913 845 950 de
879 914 943 951 ira
974 914 1028 962 II,
1050 915 1115 951 32.
1155 914 1280 953 Ratio
1310 922 1394 964 est,
1442 917 1541 969 quia.

147 979 327 1018 vindicta
351 981 519 1032 agrestis
552 986 593 1017 et
616 980 812 1017 naturalis
835 980 1032 1032 quaedam
1053 981 1213 1020 iustitia
1238 990 1321 1031 est,
1361 990 1408 1022 ut
1428 985 1542 1024 Baco

148 1048 358 1094 Verulam.
397 1049 526 1086 Serm.
547 1047 676 1085 Fidel.
704 1047 777 1085 IV.
805 1049 1014 1087 subtiliter
1037 1049 1204 1098 iudicat,
1227 1051 1468 1091 HENNIN.

266 1129 517 1178 181—-192,
569 1126 783 1164 Praeclare
812 1127 1038 1179 respondet
1070 1135 1204 1181 poeta.
1261 1130 1338 1168 lzoc
1378 1133 1544 1172 indocti

150 1195 292 1234 dicunt
319 1196 594 1246 sentiuntque.
648 1195 901 1244 praecordia
932 1197 1206 1248 flagrantia,
1247 1199 1430 1239 animum
1469 1215 1543 1240 ae-

149 1269 351 1302 stuantem
386 1263 460 1300 ira.
487 1262 580 1299 Sen.
613 1260 663 1298 de
698 1263 761 1300 ira
790 1262 844 1309 II,
869 1275 929 1314 19.
975 1265 1133 1302 Volunt
1160 1266 1336 1317 quidam
1376 1283 1425 1305 ex
1463 1284 1545 1307 no·-

150 1333 250 1369 stris
279 1328 448 1381 (Stoici)
476 1332 585 1368 iram
615 1331 661 1367 in
696 1338 862 1380 pectore
892 1334 1068 1377 moveri,
1111 1332 1395 1385 effervescente
1425 1339 1544 1376 circa

150 1413 220 1437 cor
247 1400 466 1450 sanguine.
542 1399 708 1442 Causa,
754 1412 829 1435 cur
863 1397 936 1435 lzic
981 1401 1248 1449 potissimum
1294 1403 1545 1455 adsignetur

153 1469 241 1504 irae
282 1468 419 1510 locus,
472 1480 555 1503 non
592 1468 684 1502 alia
722 1474 804 1510 est,
853 1480 978 1517 quam
1018 1467 1130 1518 quod
1168 1470 1214 1505 in
1251 1477 1335 1506 toto
1376 1485 1545 1523 corpore

150 1533 456 1573 calidissimum
490 1541 638 1583 pectus
664 1541 737 1570 est.
811 1533 973 1582 Quibus
1003 1533 1169 1570 humidi
1189 1536 1293 1585 plus
1322 1539 1442 1584 inest,
1473 1554 1545 1578 eo..

149 1615 241 1640 rum
259 1601 477 1653 paulatim
505 1601 651 1637 crescit
687 1601 776 1643 ira,
813 1601 918 1651 quia
947 1614 1030 1637 non
1054 1609 1114 1638 est
1136 1612 1320 1652 paratus
1353 1607 1441 1644 illis
1467 1622 1547 1647 ca-

152 1671 237 1715 lor,
275 1668 352 1706 secl
376 1677 488 1706 motu
517 1669 764 1718 acquiritur.
821 1667 968 1718 ltaque
1003 1682 1229 1718 puerorum
1256 1673 1544 1722 seminarum..

153 1751 230 1789 que
262 1738 350 1774 irae
377 1734 508 1782 (cons.
531 1734 605 1771 ins.
629 1747 668 1771 v.
693 1747 782 1784 191.
810 1731 918 1787 192.)
947 1749 1063 1771 acres
1088 1738 1245 1785 mageb,
1278 1753 1404 1789 quam
1436 1757 1547 1794 gra-

152 1818 222 1843 ves
248 1811 345 1840 sunt
372 1803 635 1852 levioresque,
665 1801 764 1837 dum
793 1802 1007 1850 incipiunt
1036 1808 1180 1840 cet.—-
1245 1807 1322 1843 184
1341 1822 1422 1860 seq.
1450 1810 1550 1850 Hoo

152 1872 239 1910 no'n
271 1869 474 1923 praecipit
497 1866 768 1920 philosophia.
810 1868 1069 1919 Clztysippus
1093 1870 1267 1908 Stoicus.
1308 1878 1406 1913 mite
1429 1878 1545 1918 lea..

155 1941 249 1978 letis
278 1938 515 1990 ingenium,
556 1934 707 1973 Thales
735 1936 846 1972 mitis
880 1935 1036 1986 ingenii
1065 1937 1143 1974 vir.
1169 1951 1206 1976 v.
1233 1940 1283 1977 ad
1306 1942 1378 1990 IV,
1401 1943 1465 1997 59.
1488 1968 1545 1977 -.

157 2008 249 2047 185.
295 2018 417 2043 senex
443 2004 610 2040 vicinus
637 2004 857 2053 Hymetto,
905 2003 1038 2040 monti
1060 2004 1239 2054 Atticae,
1292 2010 1447 2060 (dulc-2¹,
1489 2014 1543 2052 οι,

153 2073 287 2114 mellis
311 2071 456 2123 optimi
478 2071 660 2122 copiam)
691 2076 751 2108 est
784 2070 972 2108 Socrates
997 2069 1286 2122 Atheniensis;
1341 2076 1391 2115 de
1426 2081 1545 2119 cuius

152 2140 353 2196 patientia
388 2152 434 2175 ac
471 2137 755 2176 moderatione
788 2137 876 2177 irae
899 2151 938 2176 v.
964 2137 1057 2176 Sen.
1084 2139 1135 2177 de
1159 2148 1285 2180 const.
1311 2158 1391 2196 sap.
1419 2160 1452 2185 c.
1482 2150 1545 2188 18.

155 2216 198 2248 et
219 2209 270 2247 de
296 2208 357 2245 ira
381 2205 414 2254 Ι,
441 2206 503 2244 15.
533 2205 607 2253 III,
635 2218 697 2243 11.
738 2205 840 2243 Plat.
871 2205 991 2257 Apol.
1025 2206 1136 2244 Socr.
1170 2210 1330 2259 passim.
1387 2213 1546 2255 Eadem

157 2275 364 2329 praeclare
386 2273 654 2310 adumbratur
674 2271 714 2310 h.
740 2273 766 2310 l.
789 2287 827 2311 v.
858 2273 951 2312 186.
974 2275 1062 2322 187.
1113 2277 1292 2322 cicutae,
1321 2293 1359 2316 v.
1387 2281 1436 2318 ad
1450 2283 1547 2333 VII,

157 2343 252 2383 206.
293 2349 487 2392 acceptae
519 2343 625 2378 inter
649 2342 847 2386 vincula,
888 2341 1040 2393 inipso
1068 2356 1249 2392 carcere,
1288 2345 1330 2383 in
1357 2362 1437 2399 quo
1471 2364 1548 2388 ve..

159 2423 312 2449 nenum
363 2407 498 2445 hausit
544 2408 747 2446 Socrates.
828 2423 977 2453 saeva,
1036 2408 1087 2448 ob
1127 2411 1212 2449 eius
1256 2413 1546 2458 innocentiam,

165 2480 254 2527 187.
284 2477 388 2515 Tres
407 2476 575 2527 proprie
600 2475 778 2514 Socratis
808 2477 926 2515 fuere
949 2484 1219 2528 accusatores,
1250 2480 1424 2534 Anytus,
1451 2485 1547 2525 Me·-

208 2615 264 2637 22.
305 2615 338 2636 v-
370 2615 402 2636 c.
438 2614 495 2647 ap·
531 2601 636 2636 Ovid.
670 2603 757 2638 Met.
789 2605 836 2646 V,
873 2614 912 2648 ¹7
940 2615 1013 2648 seq.
1050 2603 1116 2651 507
1141 2617 1214 2649 seq.
1240 2606 1312 2650 .VI,
1346 2607 1424 2643 612-
1467 2611 1549 2654 vn,

160 2661 239 2708 718.
1360 2692 1362 2695 ,
