<?xml version="1.0" encoding="UTF-8"?>
<!DOCTYPE html PUBLIC "-//W3C//DTD XHTML 1.0 Transitional//EN"
    "http://www.w3.org/TR/xhtml1/DTD/xhtml1-transitional.dtd">
<html xmlns="http://www.w3.org/1999/xhtml" xml:lang="en" lang="en">
 <head>
  <title>
</title>
<meta http-equiv="Content-Type" content="text/html;charset=utf-8" />
  <meta name='ocr-system' content='tesseract 3.04.00' />
  <meta name='ocr-capabilities' content='ocr_page ocr_carea ocr_par ocr_line ocrx_word'/>
</head>
<body>
  <div class='ocr_page' id='page_1' title='image "./satirae16adoptim021juveuoft_0655.png"; bbox 0 0 1686 3089; ppageno 0'>
   <div class='ocr_carea' id='block_1_1' title="bbox 475 205 1493 268">
    <p class='ocr_par' dir='ltr' id='par_1_1' title="bbox 475 205 1493 268">
     <span class='ocr_line' id='line_1_1' title="bbox 475 205 1493 268; baseline 0.008 -21"><span class='ocrx_word' id='word_1_1' title='bbox 475 206 554 248; x_wconf 83' lang='lat' dir='ltr'>IN</span> <span class='ocrx_word' id='word_1_2' title='bbox 597 205 831 248; x_wconf 79' lang='lat' dir='ltr'>IVVEN.</span> <span class='ocrx_word' id='word_1_3' title='bbox 879 205 1017 247; x_wconf 79' lang='lat' dir='ltr'>sAT.</span> <span class='ocrx_word' id='word_1_4' title='bbox 1057 207 1132 247; x_wconf 73' lang='lat' dir='ltr'>xi.</span> <span class='ocrx_word' id='word_1_5' title='bbox 1413 211 1493 268; x_wconf 83' lang='lat'>627</span> 
     </span>
    </p>
   </div>
   <div class='ocr_carea' id='block_1_2' title="bbox 14 320 1536 2391">
    <p class='ocr_par' dir='ltr' id='par_1_2' title="bbox 14 320 1536 2391">
     <span class='ocr_line' id='line_1_2' title="bbox 99 320 1483 371; baseline 0.001 -9"><span class='ocrx_word' id='word_1_6' title='bbox 99 320 307 371; x_wconf 74' lang='lat' dir='ltr'>be11tiun1;</span> <span class='ocrx_word' id='word_1_7' title='bbox 341 323 618 362; x_wconf 76' lang='lat' dir='ltr'>convivarum.</span> <span class='ocrx_word' id='word_1_8' title='bbox 643 344 697 352; x_wconf 90' lang='lat'>-</span> <span class='ocrx_word' id='word_1_9' title='bbox 793 322 883 361; x_wconf 84' lang='lat'><strong>164.</strong></span> <span class='ocrx_word' id='word_1_10' title='bbox 923 323 996 360; x_wconf 84' lang='lat' dir='ltr'>Acl</span> <span class='ocrx_word' id='word_1_11' title='bbox 1028 332 1178 363; x_wconf 78' lang='lat' dir='ltr'>terram</span> <span class='ocrx_word' id='word_1_12' title='bbox 1217 325 1483 371; x_wconf 74' lang='lat' dir='ltr'>descendant,</span> 
     </span>
     <span class='ocr_line' id='line_1_3' title="bbox 98 390 1483 445; baseline 0.003 -17"><span class='ocrx_word' id='word_1_13' title='bbox 98 395 250 428; x_wconf 82' lang='lat' dir='ltr'>terram</span> <span class='ocrx_word' id='word_1_14' title='bbox 275 390 472 441; x_wconf 87' lang='lat' dir='ltr'>pedibus,</span> <span class='ocrx_word' id='word_1_15' title='bbox 525 392 605 429; x_wconf 88' lang='lat' dir='ltr'>alte</span> <span class='ocrx_word' id='word_1_16' title='bbox 637 391 774 439; x_wconf 86' lang='lat' dir='ltr'>iactis,</span> <span class='ocrx_word' id='word_1_17' title='bbox 824 391 891 429; x_wconf 88' lang='lat' dir='ltr'>vel</span> <span class='ocrx_word' id='word_1_18' title='bbox 926 391 1094 429; x_wconf 85' lang='lat' dir='ltr'>saltibus</span> <span class='ocrx_word' id='word_1_19' title='bbox 1122 393 1393 445; x_wconf 80' lang='lat' dir='ltr'><strong>tripudiisque</strong></span> <span class='ocrx_word' id='word_1_20' title='bbox 1415 395 1483 432; x_wconf 88' lang='lat' dir='ltr'>in-</span> 
     </span>
     <span class='ocr_line' id='line_1_4' title="bbox 99 456 1483 514; baseline 0.004 -20"><span class='ocrx_word' id='word_1_21' title='bbox 99 456 287 506; x_wconf 85' lang='lat' dir='ltr'><strong>decoris,</strong></span> <span class='ocrx_word' id='word_1_22' title='bbox 314 459 505 510; x_wconf 84' lang='lat' dir='ltr'>pulsent;</span> <span class='ocrx_word' id='word_1_23' title='bbox 533 460 702 502; x_wconf 76' lang='lat' dir='ltr'>tremulo</span> <span class='ocrx_word' id='word_1_24' title='bbox 730 460 862 503; x_wconf 76' lang='lat' dir='ltr'>clune,</span> <span class='ocrx_word' id='word_1_25' title='bbox 890 458 1036 497; x_wconf 80' lang='lat' dir='ltr'>lumbis</span> <span class='ocrx_word' id='word_1_26' title='bbox 1061 459 1301 511; x_wconf 86' lang='lat' dir='ltr'>natibusque</span> <span class='ocrx_word' id='word_1_27' title='bbox 1327 462 1483 514; x_wconf 81' lang='lat' dir='ltr'>lascive</span> 
     </span>
     <span class='ocr_line' id='line_1_5' title="bbox 94 522 1481 575; baseline 0.004 -13"><span class='ocrx_word' id='word_1_28' title='bbox 94 525 217 563; x_wconf 87' lang='lat' dir='ltr'>motis</span> <span class='ocrx_word' id='word_1_29' title='bbox 242 532 282 564; x_wconf 88' lang='lat' dir='ltr'>et</span> <span class='ocrx_word' id='word_1_30' title='bbox 301 522 541 564; x_wconf 76' lang='lat' dir='ltr'>vibratis.⁴0</span> <span class='ocrx_word' id='word_1_31' title='bbox 571 547 619 554; x_wconf 81' lang='lat'>--</span> <span class='ocrx_word' id='word_1_32' title='bbox 688 526 777 564; x_wconf 83' lang='lat'>165.</span> <span class='ocrx_word' id='word_1_33' title='bbox 803 526 920 575; x_wconf 80' lang='lat' dir='ltr'>Quae</span> <span class='ocrx_word' id='word_1_34' title='bbox 942 526 1078 563; x_wconf 85' lang='lat' dir='ltr'>omnia</span> <span class='ocrx_word' id='word_1_35' title='bbox 1102 533 1196 564; x_wconf 88' lang='lat' dir='ltr'>sunt</span> <span class='ocrx_word' id='word_1_36' title='bbox 1216 530 1481 568; x_wconf 78' lang='lat' dir='ltr'>irritamenta</span> 
     </span>
     <span class='ocr_line' id='line_1_6' title="bbox 96 591 1480 642; baseline 0.003 -11"><span class='ocrx_word' id='word_1_37' title='bbox 96 593 271 631; x_wconf 71' lang='lat' dir='ltr'>Veneris</span> <span class='ocrx_word' id='word_1_38' title='bbox 303 600 379 632; x_wconf 87' lang='lat' dir='ltr'>cet.</span> <span class='ocrx_word' id='word_1_39' title='bbox 447 591 520 630; x_wconf 88' lang='lat' dir='ltr'>Cs.·</span> <span class='ocrx_word' id='word_1_40' title='bbox 546 606 645 630; x_wconf 76' lang='lat' dir='ltr'>mox</span> <span class='ocrx_word' id='word_1_41' title='bbox 678 593 727 631; x_wconf 85' lang='lat' dir='ltr'>ad</span> <span class='ocrx_word' id='word_1_42' title='bbox 763 608 800 632; x_wconf 85' lang='lat' dir='ltr'>v.</span> <span class='ocrx_word' id='word_1_43' title='bbox 842 594 930 631; x_wconf 85' lang='grc'><strong>168.</strong></span> <span class='ocrx_word' id='word_1_44' title='bbox 970 596 1150 638; x_wconf 68' lang='lat' dir='ltr'>urticae,</span> <span class='ocrx_word' id='word_1_45' title='bbox 1177 608 1215 631; x_wconf 85' lang='lat' dir='ltr'>v.</span> <span class='ocrx_word' id='word_1_46' title='bbox 1241 594 1288 631; x_wconf 82' lang='lat' dir='ltr'>ad</span> <span class='ocrx_word' id='word_1_47' title='bbox 1310 596 1359 642; x_wconf 81' lang='lat' dir='ltr'>H,</span> <span class='ocrx_word' id='word_1_48' title='bbox 1391 600 1480 635; x_wconf 83' lang='lat'>128.</span> 
     </span>
     <span class='ocr_line' id='line_1_7' title="bbox 89 659 1479 713; baseline 0.003 -15"><span class='ocrx_word' id='word_1_49' title='bbox 89 678 147 686; x_wconf 91' lang='lat'>·-—</span> <span class='ocrx_word' id='word_1_50' title='bbox 193 661 282 699; x_wconf 83' lang='lat'><strong>166.</strong></span> <span class='ocrx_word' id='word_1_51' title='bbox 320 661 434 698; x_wconf 88' lang='lat' dir='ltr'>Haec</span> <span class='ocrx_word' id='word_1_52' title='bbox 483 659 778 700; x_wconf 80' lang='lat' dir='ltr'>Gaditanarum</span> <span class='ocrx_word' id='word_1_53' title='bbox 820 661 1003 699; x_wconf 84' lang='lat' dir='ltr'>crissatio</span> <span class='ocrx_word' id='word_1_54' title='bbox 1048 661 1291 713; x_wconf 84' lang='lat' dir='ltr'>saltatioque</span> <span class='ocrx_word' id='word_1_55' title='bbox 1333 664 1479 702; x_wconf 86' lang='lat' dir='ltr'>maiori</span> 
     </span>
     <span class='ocr_line' id='line_1_8' title="bbox 87 725 1477 779; baseline 0.004 -17"><span class='ocrx_word' id='word_1_56' title='bbox 87 725 210 764; x_wconf 77' lang='lat' dir='ltr'>afficit</span> <span class='ocrx_word' id='word_1_57' title='bbox 248 727 461 779; x_wconf 81' lang='lat' dir='ltr'>voluptate</span> <span class='ocrx_word' id='word_1_58' title='bbox 493 741 539 764; x_wconf 88' lang='lat' dir='ltr'>ac</span> <span class='ocrx_word' id='word_1_59' title='bbox 577 728 749 766; x_wconf 84' lang='lat' dir='ltr'>libidine</span> <span class='ocrx_word' id='word_1_60' title='bbox 789 729 989 773; x_wconf 80' lang='lat' dir='ltr'>alterum,</span> <span class='ocrx_word' id='word_1_61' title='bbox 1039 728 1288 778; x_wconf 80' lang='lat' dir='ltr'>femineum,</span> <span class='ocrx_word' id='word_1_62' title='bbox 1322 744 1477 777; x_wconf 60' lang='lat' dir='ltr'>sex-mm</span> 
     </span>
     <span class='ocr_line' id='line_1_9' title="bbox 89 792 1475 852; baseline 0.004 -21"><span class='ocrx_word' id='word_1_63' title='bbox 89 792 146 844; x_wconf 84' lang='lat' dir='ltr'>(v.</span> <span class='ocrx_word' id='word_1_64' title='bbox 182 794 231 832; x_wconf 88' lang='lat' dir='ltr'>ad</span> <span class='ocrx_word' id='word_1_65' title='bbox 263 796 336 852; x_wconf 63' lang='lat' dir='ltr'>VI!</span> <span class='ocrx_word' id='word_1_66' title='bbox 362 792 475 846; x_wconf 78' lang='lat'><strong>254.)</strong></span> <span class='ocrx_word' id='word_1_67' title='bbox 514 798 652 846; x_wconf 73' lang='lat' dir='ltr'>magis</span> <span class='ocrx_word' id='word_1_68' title='bbox 689 797 757 833; x_wconf 66' lang='lat' dir='ltr'>ille</span> <span class='ocrx_word' id='word_1_69' title='bbox 792 810 913 833; x_wconf 76' lang='lat' dir='ltr'>sexus</span> <span class='ocrx_word' id='word_1_70' title='bbox 935 797 1167 834; x_wconf 72' lang='lat' dir='ltr'>extenditur</span> <span class='ocrx_word' id='word_1_71' title='bbox 1185 795 1234 833; x_wconf 85' lang='lat' dir='ltr'>ad</span> <span class='ocrx_word' id='word_1_72' title='bbox 1255 798 1475 846; x_wconf 77' lang='lat' dir='ltr'>Venerem,</span> 
     </span>
     <span class='ocr_line' id='line_1_10' title="bbox 89 859 1476 917; baseline 0.006 -21"><span class='ocrx_word' id='word_1_73' title='bbox 89 859 172 910; x_wconf 81' lang='lat' dir='ltr'>(ita</span> <span class='ocrx_word' id='word_1_74' title='bbox 193 869 270 900; x_wconf 85' lang='lat' dir='ltr'>vet.</span> <span class='ocrx_word' id='word_1_75' title='bbox 297 861 456 913; x_wconf 79' lang='lat' dir='ltr'>schol.)</span> <span class='ocrx_word' id='word_1_76' title='bbox 485 864 679 914; x_wconf 81' lang='lat' dir='ltr'>erigitur,</span> <span class='ocrx_word' id='word_1_77' title='bbox 712 864 919 901; x_wconf 74' lang='lat' dir='ltr'>excitatur</span> <span class='ocrx_word' id='word_1_78' title='bbox 950 863 1000 900; x_wconf 83' lang='lat' dir='ltr'>ad</span> <span class='ocrx_word' id='word_1_79' title='bbox 1033 862 1244 901; x_wconf 81' lang='lat' dir='ltr'>libidinem</span> <span class='ocrx_word' id='word_1_80' title='bbox 1262 893 1272 911; x_wconf 87' lang='grc'>,</span> <span class='ocrx_word' id='word_1_81' title='bbox 1311 865 1379 903; x_wconf 73' lang='lat' dir='ltr'>vel</span> <span class='ocrx_word' id='word_1_82' title='bbox 1397 880 1476 917; x_wconf 89' lang='lat' dir='ltr'>po-</span> 
     </span>
     <span class='ocr_line' id='line_1_11' title="bbox 85 928 1474 982; baseline 0.004 -17"><span class='ocrx_word' id='word_1_83' title='bbox 85 928 166 965; x_wconf 85' lang='lat' dir='ltr'>tius</span> <span class='ocrx_word' id='word_1_84' title='bbox 203 928 457 978; x_wconf 80' lang='lat' dir='ltr'>intenditur,</span> <span class='ocrx_word' id='word_1_85' title='bbox 503 931 683 975; x_wconf 77' lang='lat' dir='ltr'>(kommt</span> <span class='ocrx_word' id='word_1_86' title='bbox 725 934 771 968; x_wconf 76' lang='lat' dir='ltr'>in</span> <span class='ocrx_word' id='word_1_87' title='bbox 801 931 1053 982; x_wconf 73' lang='lat' dir='ltr'>Spannung;</span> <span class='ocrx_word' id='word_1_88' title='bbox 1091 929 1286 978; x_wconf 77' lang='lat' dir='ltr'>Bahrdt.&gt;</span> <span class='ocrx_word' id='word_1_89' title='bbox 1319 941 1357 970; x_wconf 76' lang='lat' dir='ltr'>et</span> <span class='ocrx_word' id='word_1_90' title='bbox 1381 947 1474 971; x_wconf 75' lang='lat' dir='ltr'>mox</span> 
     </span>
     <span class='ocr_line' id='line_1_12' title="bbox 83 996 1473 1050; baseline 0.004 -18"><span class='ocrx_word' id='word_1_91' title='bbox 83 996 212 1034; x_wconf 80' lang='lat' dir='ltr'>urin-a</span> <span class='ocrx_word' id='word_1_92' title='bbox 235 1006 440 1043; x_wconf 70' lang='lat' dir='ltr'>movetur,</span> <span class='ocrx_word' id='word_1_93' title='bbox 475 998 648 1035; x_wconf 74' lang='lat' dir='ltr'>auribus</span> <span class='ocrx_word' id='word_1_94' title='bbox 666 1008 790 1050; x_wconf 75' lang='lat' dir='ltr'>atque</span> <span class='ocrx_word' id='word_1_95' title='bbox 814 999 946 1036; x_wconf 66' lang='lat' dir='ltr'>oeulis</span> <span class='ocrx_word' id='word_1_96' title='bbox 976 1006 1201 1046; x_wconf 72' lang='lat' dir='ltr'>concepta,</span> <span class='ocrx_word' id='word_1_97' title='bbox 1231 996 1271 1034; x_wconf 90' lang='lat' dir='ltr'>h.</span> <span class='ocrx_word' id='word_1_98' title='bbox 1302 1012 1336 1036; x_wconf 87' lang='lat' dir='ltr'>e.</span> <span class='ocrx_word' id='word_1_99' title='bbox 1371 1000 1473 1037; x_wconf 82' lang='lat' dir='ltr'>irri—</span> 
     </span>
     <span class='ocr_line' id='line_1_13' title="bbox 83 1063 1472 1115; baseline 0.005 -16"><span class='ocrx_word' id='word_1_100' title='bbox 83 1067 193 1100; x_wconf 83' lang='lat' dir='ltr'>tatur</span> <span class='ocrx_word' id='word_1_101' title='bbox 215 1076 353 1101; x_wconf 85' lang='lat' dir='ltr'>semen</span> <span class='ocrx_word' id='word_1_102' title='bbox 374 1066 574 1115; x_wconf 84' lang='lat' dir='ltr'>genitale,</span> <span class='ocrx_word' id='word_1_103' title='bbox 613 1065 784 1103; x_wconf 84' lang='lat' dir='ltr'>libidine</span> <span class='ocrx_word' id='word_1_104' title='bbox 811 1065 987 1102; x_wconf 81' lang='lat' dir='ltr'>excitata</span> <span class='ocrx_word' id='word_1_105' title='bbox 1010 1063 1152 1101; x_wconf 81' lang='lat' dir='ltr'>auditu</span> <span class='ocrx_word' id='word_1_106' title='bbox 1173 1066 1398 1104; x_wconf 74' lang='lat' dir='ltr'>cantilenae</span> <span class='ocrx_word' id='word_1_107' title='bbox 1428 1074 1472 1106; x_wconf 90' lang='lat' dir='ltr'>et</span> 
     </span>
     <span class='ocr_line' id='line_1_14' title="bbox 83 1129 1536 1185; baseline 0.003 -18"><span class='ocrx_word' id='word_1_108' title='bbox 83 1129 176 1168; x_wconf 86' lang='lat' dir='ltr'>&#39;visu</span> <span class='ocrx_word' id='word_1_109' title='bbox 199 1131 421 1169; x_wconf 84' lang='lat' dir='ltr'>saltationis</span> <span class='ocrx_word' id='word_1_110' title='bbox 433 1132 628 1169; x_wconf 72' lang='lat' dir='ltr'>lascivae:</span> <span class='ocrx_word' id='word_1_111' title='bbox 660 1138 705 1168; x_wconf 89' lang='lat' dir='ltr'>ut</span> <span class='ocrx_word' id='word_1_112' title='bbox 729 1131 801 1179; x_wconf 86' lang='lat' dir='ltr'>VI,</span> <span class='ocrx_word' id='word_1_113' title='bbox 830 1132 880 1169; x_wconf 80' lang='lat'>63</span> <span class='ocrx_word' id='word_1_114' title='bbox 895 1144 976 1183; x_wconf 88' lang='lat' dir='ltr'>seq.</span> <span class='ocrx_word' id='word_1_115' title='bbox 1008 1137 1049 1168; x_wconf 92' lang='lat' dir='ltr'>et</span> <span class='ocrx_word' id='word_1_116' title='bbox 1062 1131 1184 1169; x_wconf 73' lang='lat' dir='ltr'>Mart.</span> <span class='ocrx_word' id='word_1_117' title='bbox 1197 1131 1314 1180; x_wconf 88' lang='lat' dir='ltr'>XIV,</span> <span class='ocrx_word' id='word_1_118' title='bbox 1326 1136 1420 1173; x_wconf 82' lang='lat'><strong>203.</strong></span> <span class='ocrx_word' id='word_1_119' title='bbox 1435 1133 1475 1158; x_wconf 78' lang='lat'>⁴¹</span> <span class='ocrx_word' id='word_1_120' title='bbox 1532 1180 1536 1185; x_wconf 15' lang='grc' dir='ltr'>ᾗ</span> 
     </span>
     <span class='ocr_line' id='line_1_15' title="bbox 80 1197 1474 1249; baseline 0.003 -14"><span class='ocrx_word' id='word_1_121' title='bbox 80 1216 139 1225; x_wconf 89' lang='grc'>-·</span> <span class='ocrx_word' id='word_1_122' title='bbox 186 1198 282 1236; x_wconf 88' lang='lat' dir='ltr'>Alio</span> <span class='ocrx_word' id='word_1_123' title='bbox 316 1212 437 1236; x_wconf 88' lang='lat' dir='ltr'>sensu</span> <span class='ocrx_word' id='word_1_124' title='bbox 470 1212 612 1237; x_wconf 82' lang='lat' dir='ltr'>versus</span> <span class='ocrx_word' id='word_1_125' title='bbox 659 1199 856 1237; x_wconf 66' lang='lat'><strong>166-8.</strong></span> <span class='ocrx_word' id='word_1_126' title='bbox 898 1198 1008 1249; x_wconf 86' lang='lat' dir='ltr'>cepit</span> <span class='ocrx_word' id='word_1_127' title='bbox 1048 1197 1308 1244; x_wconf 86' lang='lat' dir='ltr'>Henninius,</span> <span class='ocrx_word' id='word_1_128' title='bbox 1356 1203 1474 1242; x_wconf 86' lang='lat' dir='ltr'>cuius</span> 
     </span>
     <span class='ocr_line' id='line_1_16' title="bbox 78 1265 1472 1322; baseline 0.002 -19"><span class='ocrx_word' id='word_1_129' title='bbox 78 1271 178 1303; x_wconf 79' lang='lat' dir='ltr'>nota</span> <span class='ocrx_word' id='word_1_130' title='bbox 210 1271 293 1303; x_wconf 89' lang='lat' dir='ltr'>est:</span> <span class='ocrx_word' id='word_1_131' title='bbox 337 1266 541 1314; x_wconf 83' lang='lat' dir='ltr'>„Videtur</span> <span class='ocrx_word' id='word_1_132' title='bbox 576 1273 698 1317; x_wconf 86' lang='lat' dir='ltr'>poeta</span> <span class='ocrx_word' id='word_1_133' title='bbox 731 1272 897 1315; x_wconf 69' lang='lat' dir='ltr'>tangere</span> <span class='ocrx_word' id='word_1_134' title='bbox 933 1277 1088 1303; x_wconf 85' lang='lat' dir='ltr'>morem</span> <span class='ocrx_word' id='word_1_135' title='bbox 1121 1265 1369 1318; x_wconf 75' lang='lat' dir='ltr'>beatiorum,</span> <span class='ocrx_word' id='word_1_136' title='bbox 1400 1271 1472 1322; x_wconf 85' lang='lat' dir='ltr'>qui</span> 
     </span>
     <span class='ocr_line' id='line_1_17' title="bbox 75 1331 1469 1386; baseline 0.004 -17"><span class='ocrx_word' id='word_1_137' title='bbox 75 1332 311 1371; x_wconf 80' lang='lat' dir='ltr'>scitissimas</span> <span class='ocrx_word' id='word_1_138' title='bbox 345 1334 559 1386; x_wconf 87' lang='lat' dir='ltr'>utriusque</span> <span class='ocrx_word' id='word_1_139' title='bbox 591 1346 713 1370; x_wconf 79' lang='lat' dir='ltr'>sexus</span> <span class='ocrx_word' id='word_1_140' title='bbox 736 1333 895 1370; x_wconf 84' lang='lat' dir='ltr'>alebant</span> <span class='ocrx_word' id='word_1_141' title='bbox 916 1331 1079 1369; x_wconf 81' lang='lat' dir='ltr'>delicias</span> <span class='ocrx_word' id='word_1_142' title='bbox 1099 1332 1141 1370; x_wconf 89' lang='lat' dir='ltr'>in</span> <span class='ocrx_word' id='word_1_143' title='bbox 1162 1332 1367 1373; x_wconf 82' lang='lat' dir='ltr'>Venerem</span> <span class='ocrx_word' id='word_1_144' title='bbox 1379 1337 1469 1375; x_wconf 86' lang='lat' dir='ltr'>sra-</span> 
     </span>
     <span class='ocr_line' id='line_1_18' title="bbox 77 1400 1472 1452; baseline 0.004 -16"><span class='ocrx_word' id='word_1_145' title='bbox 77 1405 165 1437; x_wconf 86' lang='lat' dir='ltr'>ctas</span> <span class='ocrx_word' id='word_1_146' title='bbox 195 1413 342 1452; x_wconf 88' lang='lat' dir='ltr'>easque</span> <span class='ocrx_word' id='word_1_147' title='bbox 374 1400 614 1438; x_wconf 83' lang='lat' dir='ltr'>imbuebant</span> <span class='ocrx_word' id='word_1_148' title='bbox 662 1401 772 1437; x_wconf 86' lang='lat' dir='ltr'>omni</span> <span class='ocrx_word' id='word_1_149' title='bbox 809 1400 991 1437; x_wconf 84' lang='lat' dir='ltr'>libidinis</span> <span class='ocrx_word' id='word_1_150' title='bbox 1033 1405 1142 1446; x_wconf 83' lang='lat' dir='ltr'>arte,</span> <span class='ocrx_word' id='word_1_151' title='bbox 1188 1406 1234 1437; x_wconf 86' lang='lat' dir='ltr'>ut</span> <span class='ocrx_word' id='word_1_152' title='bbox 1269 1402 1472 1445; x_wconf 82' lang='lat' dir='ltr'>nimirum</span> 
     </span>
     <span class='ocr_line' id='line_1_19' title="bbox 77 1466 1470 1519; baseline -0.002 -15"><span class='ocrx_word' id='word_1_153' title='bbox 77 1467 348 1505; x_wconf 69' lang='lat' dir='ltr'>scientissime</span> <span class='ocrx_word' id='word_1_154' title='bbox 367 1468 574 1515; x_wconf 83' lang='lat' dir='ltr'>saltarent,</span> <span class='ocrx_word' id='word_1_155' title='bbox 603 1474 650 1505; x_wconf 87' lang='lat' dir='ltr'>ut</span> <span class='ocrx_word' id='word_1_156' title='bbox 675 1468 910 1504; x_wconf 82' lang='lat' dir='ltr'>suavissime</span> <span class='ocrx_word' id='word_1_157' title='bbox 933 1472 1126 1503; x_wconf 85' lang='lat' dir='ltr'>canerent</span> <span class='ocrx_word' id='word_1_158' title='bbox 1145 1466 1305 1519; x_wconf 80' lang='lat' dir='ltr'>aliaque</span> <span class='ocrx_word' id='word_1_159' title='bbox 1323 1470 1470 1509; x_wconf 57' lang='lat' dir='ltr'>libidi-</span> 
     </span>
     <span class='ocr_line' id='line_1_20' title="bbox 75 1532 1468 1588; baseline 0.004 -16"><span class='ocrx_word' id='word_1_160' title='bbox 75 1535 140 1572; x_wconf 81' lang='lat' dir='ltr'>nis</span> <span class='ocrx_word' id='word_1_161' title='bbox 172 1535 379 1572; x_wconf 81' lang='lat' dir='ltr'>incentiva</span> <span class='ocrx_word' id='word_1_162' title='bbox 399 1541 586 1583; x_wconf 78' lang='lat' dir='ltr'>nossent,</span> <span class='ocrx_word' id='word_1_163' title='bbox 628 1541 674 1572; x_wconf 86' lang='lat' dir='ltr'>ut</span> <span class='ocrx_word' id='word_1_164' title='bbox 707 1540 863 1572; x_wconf 81' lang='lat' dir='ltr'>constat</span> <span class='ocrx_word' id='word_1_165' title='bbox 896 1547 950 1571; x_wconf 76' lang='lat' dir='ltr'>ex</span> <span class='ocrx_word' id='word_1_166' title='bbox 988 1532 1094 1570; x_wconf 87' lang='lat' dir='ltr'>Gell.</span> <span class='ocrx_word' id='word_1_167' title='bbox 1129 1533 1254 1583; x_wconf 85' lang='lat' dir='ltr'>XIX,</span> <span class='ocrx_word' id='word_1_168' title='bbox 1287 1549 1323 1588; x_wconf 87' lang='lat'>9.</span> <span class='ocrx_word' id='word_1_169' title='bbox 1383 1537 1468 1577; x_wconf 81' lang='lat' dir='ltr'>scd</span> 
     </span>
     <span class='ocr_line' id='line_1_21' title="bbox 76 1601 1465 1652; baseline 0.003 -13"><span class='ocrx_word' id='word_1_170' title='bbox 76 1609 242 1646; x_wconf 83' lang='lat' dir='ltr'>tamen,</span> <span class='ocrx_word' id='word_1_171' title='bbox 273 1602 331 1639; x_wconf 88' lang='lat' dir='ltr'>ait</span> <span class='ocrx_word' id='word_1_172' title='bbox 355 1601 508 1639; x_wconf 87' lang='lat' dir='ltr'>Noster</span> <span class='ocrx_word' id='word_1_173' title='bbox 531 1607 575 1639; x_wconf 87' lang='lat' dir='ltr'>et</span> <span class='ocrx_word' id='word_1_174' title='bbox 594 1601 842 1652; x_wconf 82' lang='lat' dir='ltr'>indignatur,</span> <span class='ocrx_word' id='word_1_175' title='bbox 869 1601 1063 1638; x_wconf 86' lang='lat' dir='ltr'>maiorem</span> <span class='ocrx_word' id='word_1_176' title='bbox 1083 1601 1153 1638; x_wconf 87' lang='lat' dir='ltr'>isti</span> <span class='ocrx_word' id='word_1_177' title='bbox 1190 1602 1308 1640; x_wconf 84' lang='lat' dir='ltr'>Ioves</span> <span class='ocrx_word' id='word_1_178' title='bbox 1342 1605 1465 1643; x_wconf 87' lang='lat' dir='ltr'>volu-</span> 
     </span>
     <span class='ocr_line' id='line_1_22' title="bbox 72 1667 1463 1723; baseline 0.003 -17"><span class='ocrx_word' id='word_1_179' title='bbox 72 1673 229 1720; x_wconf 83' lang='lat' dir='ltr'>ptatem</span> <span class='ocrx_word' id='word_1_180' title='bbox 252 1669 419 1720; x_wconf 82' lang='lat' dir='ltr'>capiunt</span> <span class='ocrx_word' id='word_1_181' title='bbox 434 1681 486 1705; x_wconf 86' lang='lat' dir='ltr'>ex</span> <span class='ocrx_word' id='word_1_182' title='bbox 508 1668 812 1719; x_wconf 84' lang='lat' dir='ltr'>Ganymedibus</span> <span class='ocrx_word' id='word_1_183' title='bbox 838 1669 922 1705; x_wconf 88' lang='lat' dir='ltr'>suis</span> <span class='ocrx_word' id='word_1_184' title='bbox 944 1674 982 1705; x_wconf 87' lang='lat' dir='ltr'>et</span> <span class='ocrx_word' id='word_1_185' title='bbox 1004 1667 1207 1718; x_wconf 80' lang='lat' dir='ltr'>Bathyllis</span> <span class='ocrx_word' id='word_1_186' title='bbox 1234 1683 1463 1723; x_wconf 84' lang='lat' dir='ltr'>eorumque</span> 
     </span>
     <span class='ocr_line' id='line_1_23' title="bbox 71 1733 1463 1792; baseline 0.001 -17"><span class='ocrx_word' id='word_1_187' title='bbox 71 1733 251 1792; x_wconf 78' lang='grc' dir='ltr'><em>πορνικῇ</em></span> <span class='ocrx_word' id='word_1_188' title='bbox 276 1736 577 1787; x_wconf 78' lang='grc' dir='ltr'><strong><em>καλλιφωνίᾳ.“</em></strong></span> <span class='ocrx_word' id='word_1_189' title='bbox 633 1735 845 1773; x_wconf 89' lang='lat' dir='ltr'>Henninio</span> <span class='ocrx_word' id='word_1_190' title='bbox 867 1733 1170 1784; x_wconf 82' lang='lat' dir='ltr'>adstipulantur</span> <span class='ocrx_word' id='word_1_191' title='bbox 1195 1735 1388 1775; x_wconf 79' lang='lat' dir='ltr'>Dusaulx</span> <span class='ocrx_word' id='word_1_192' title='bbox 1419 1745 1463 1780; x_wconf 80' lang='lat' dir='ltr'>et</span> 
     </span>
     <span class='ocr_line' id='line_1_24' title="bbox 72 1800 1464 1854; baseline 0.002 -13"><span class='ocrx_word' id='word_1_193' title='bbox 72 1803 323 1852; x_wconf 84' lang='lat' dir='ltr'>Achaintre,</span> <span class='ocrx_word' id='word_1_194' title='bbox 355 1803 425 1854; x_wconf 84' lang='lat' dir='ltr'>qui</span> <span class='ocrx_word' id='word_1_195' title='bbox 445 1801 485 1839; x_wconf 86' lang='lat' dir='ltr'>h.</span> <span class='ocrx_word' id='word_1_196' title='bbox 509 1802 536 1840; x_wconf 92' lang='grc'>1.</span> <span class='ocrx_word' id='word_1_197' title='bbox 559 1803 617 1839; x_wconf 89' lang='lat' dir='ltr'>ita</span> <span class='ocrx_word' id='word_1_198' title='bbox 638 1801 834 1852; x_wconf 84' lang='lat' dir='ltr'>exponit:</span> <span class='ocrx_word' id='word_1_199' title='bbox 862 1800 1073 1849; x_wconf 80' lang='lat' dir='ltr'>„Lascivis</span> <span class='ocrx_word' id='word_1_200' title='bbox 1107 1801 1389 1842; x_wconf 84' lang='lat' dir='ltr'>saltationibus</span> <span class='ocrx_word' id='word_1_201' title='bbox 1420 1811 1464 1844; x_wconf 85' lang='lat' dir='ltr'>et</span> 
     </span>
     <span class='ocr_line' id='line_1_25' title="bbox 71 1866 1463 1920; baseline 0.001 -11"><span class='ocrx_word' id='word_1_202' title='bbox 71 1871 283 1909; x_wconf 78' lang='lat' dir='ltr'>cantilenis</span> <span class='ocrx_word' id='word_1_203' title='bbox 305 1870 600 1908; x_wconf 78' lang='lat' dir='ltr'>Gaditanamm</span> <span class='ocrx_word' id='word_1_204' title='bbox 633 1869 862 1920; x_wconf 78' lang='lat' dir='ltr'>puellarum</span> <span class='ocrx_word' id='word_1_205' title='bbox 895 1867 999 1918; x_wconf 84' lang='lat' dir='ltr'>aptis</span> <span class='ocrx_word' id='word_1_206' title='bbox 1036 1866 1085 1904; x_wconf 84' lang='lat' dir='ltr'>ad</span> <span class='ocrx_word' id='word_1_207' title='bbox 1124 1867 1331 1909; x_wconf 84' lang='lat' dir='ltr'>Venerem</span> <span class='ocrx_word' id='word_1_208' title='bbox 1360 1873 1463 1910; x_wconf 82' lang='lat' dir='ltr'>irri-</span> 
     </span>
     <span class='ocr_line' id='line_1_26' title="bbox 69 1934 1460 1989; baseline 0.001 -14"><span class='ocrx_word' id='word_1_209' title='bbox 69 1937 235 1975; x_wconf 84' lang='lat' dir='ltr'>tandam</span> <span class='ocrx_word' id='word_1_210' title='bbox 259 1943 380 1988; x_wconf 82' lang='lat' dir='ltr'>poeta</span> <span class='ocrx_word' id='word_1_211' title='bbox 406 1938 579 1989; x_wconf 86' lang='lat' dir='ltr'>opponit</span> <span class='ocrx_word' id='word_1_212' title='bbox 617 1937 846 1974; x_wconf 71' lang='lat' dir='ltr'>saltationes</span> <span class='ocrx_word' id='word_1_213' title='bbox 886 1941 927 1972; x_wconf 89' lang='lat' dir='ltr'>et</span> <span class='ocrx_word' id='word_1_214' title='bbox 962 1934 1182 1972; x_wconf 85' lang='lat' dir='ltr'>cantilenas</span> <span class='ocrx_word' id='word_1_215' title='bbox 1219 1936 1460 1977; x_wconf 82' lang='lat' dir='ltr'>adolescen-</span> 
     </span>
     <span class='ocr_line' id='line_1_27' title="bbox 68 2001 1461 2058; baseline 0.001 -15"><span class='ocrx_word' id='word_1_216' title='bbox 68 2005 201 2053; x_wconf 74' lang='lat' dir='ltr'>tium,</span> <span class='ocrx_word' id='word_1_217' title='bbox 226 2005 356 2043; x_wconf 85' lang='lat' dir='ltr'>veluti</span> <span class='ocrx_word' id='word_1_218' title='bbox 376 2003 428 2042; x_wconf 85' lang='lat' dir='ltr'>ad.</span> <span class='ocrx_word' id='word_1_219' title='bbox 465 2003 727 2041; x_wconf 77' lang='lat' dir='ltr'>excitandam</span> <span class='ocrx_word' id='word_1_220' title='bbox 755 2002 970 2041; x_wconf 84' lang='lat' dir='ltr'>libidinem</span> <span class='ocrx_word' id='word_1_221' title='bbox 1007 2001 1183 2039; x_wconf 70' lang='lat' dir='ltr'>divitum</span> <span class='ocrx_word' id='word_1_222' title='bbox 1215 2004 1461 2058; x_wconf 86' lang='lat' dir='ltr'>plerumque</span> 
     </span>
     <span class='ocr_line' id='line_1_28' title="bbox 69 2069 1462 2122; baseline 0 -11"><span class='ocrx_word' id='word_1_223' title='bbox 69 2071 316 2111; x_wconf 86' lang='lat' dir='ltr'>draucorum</span> <span class='ocrx_word' id='word_1_224' title='bbox 345 2077 387 2109; x_wconf 93' lang='lat' dir='ltr'>et</span> <span class='ocrx_word' id='word_1_225' title='bbox 415 2071 674 2122; x_wconf 86' lang='lat' dir='ltr'>pathicorum</span> <span class='ocrx_word' id='word_1_226' title='bbox 705 2071 880 2122; x_wconf 85' lang='lat' dir='ltr'>aptiores</span> <span class='ocrx_word' id='word_1_227' title='bbox 919 2075 961 2106; x_wconf 89' lang='lat' dir='ltr'>et</span> <span class='ocrx_word' id='word_1_228' title='bbox 995 2069 1256 2108; x_wconf 80' lang='lat' dir='ltr'>efficaciores.</span> <span class='ocrx_word' id='word_1_229' title='bbox 1314 2073 1462 2111; x_wconf 76' lang='lat' dir='ltr'>Maior</span> 
     </span>
     <span class='ocr_line' id='line_1_29' title="bbox 14 2134 1461 2189; baseline 0 -11"><span class='ocrx_word' id='word_1_230' title='bbox 14 2134 22 2137; x_wconf 35' lang='lat'><strong><em>³</em></strong></span> <span class='ocrx_word' id='word_1_231' title='bbox 70 2148 210 2178; x_wconf 79' lang='lat' dir='ltr'>tamen</span> <span class='ocrx_word' id='word_1_232' title='bbox 233 2142 314 2178; x_wconf 76' lang='lat' dir='ltr'>ista</span> <span class='ocrx_word' id='word_1_233' title='bbox 337 2139 531 2189; x_wconf 73' lang='lat' dir='ltr'>voluptas</span> <span class='ocrx_word' id='word_1_234' title='bbox 556 2152 674 2175; x_wconf 77' lang='lat' dir='ltr'>sexus</span> <span class='ocrx_word' id='word_1_235' title='bbox 696 2138 868 2174; x_wconf 56' lang='lat' dir='ltr'>alterius</span> <span class='ocrx_word' id='word_1_236' title='bbox 878 2164 891 2181; x_wconf 90' lang='lat'>,</span> <span class='ocrx_word' id='word_1_237' title='bbox 918 2137 1154 2185; x_wconf 72' lang='lat' dir='ltr'>masculini,</span> <span class='ocrx_word' id='word_1_238' title='bbox 1186 2138 1281 2188; x_wconf 83' lang='lat' dir='ltr'>quia</span> <span class='ocrx_word' id='word_1_239' title='bbox 1301 2139 1345 2176; x_wconf 89' lang='lat' dir='ltr'>in</span> <span class='ocrx_word' id='word_1_240' title='bbox 1369 2140 1461 2178; x_wconf 87' lang='lat' dir='ltr'>sor-</span> 
     </span>
     <span class='ocr_line' id='line_1_30' title="bbox 69 2203 1462 2255; baseline 0.001 -10"><span class='ocrx_word' id='word_1_241' title='bbox 69 2207 194 2245; x_wconf 89' lang='lat' dir='ltr'>mosis</span> <span class='ocrx_word' id='word_1_242' title='bbox 233 2205 560 2244; x_wconf 83' lang='lat' dir='ltr'>adolescentibus</span> <span class='ocrx_word' id='word_1_243' title='bbox 594 2203 900 2255; x_wconf 82' lang='lat' dir='ltr'>Ganymedibus</span> <span class='ocrx_word' id='word_1_244' title='bbox 945 2204 1211 2255; x_wconf 80' lang='lat' dir='ltr'>reperiuntur</span> <span class='ocrx_word' id='word_1_245' title='bbox 1249 2207 1462 2246; x_wconf 82' lang='lat' dir='ltr'>coniuncti</span> 
     </span>
     <span class='ocr_line' id='line_1_31' title="bbox 69 2271 1460 2322; baseline 0 -10"><span class='ocrx_word' id='word_1_246' title='bbox 69 2274 306 2312; x_wconf 74' lang='lat' dir='ltr'>saltationes</span> <span class='ocrx_word' id='word_1_247' title='bbox 327 2273 509 2310; x_wconf 84' lang='lat' dir='ltr'>lubricae</span> <span class='ocrx_word' id='word_1_248' title='bbox 534 2278 575 2310; x_wconf 90' lang='lat' dir='ltr'>et</span> <span class='ocrx_word' id='word_1_249' title='bbox 603 2279 735 2310; x_wconf 87' lang='lat' dir='ltr'>motus</span> <span class='ocrx_word' id='word_1_250' title='bbox 758 2272 922 2319; x_wconf 82' lang='lat' dir='ltr'>lascivi,</span> <span class='ocrx_word' id='word_1_251' title='bbox 964 2271 1131 2322; x_wconf 84' lang='lat' dir='ltr'>eiusque</span> <span class='ocrx_word' id='word_1_252' title='bbox 1162 2285 1284 2309; x_wconf 79' lang='lat' dir='ltr'>sexus</span> <span class='ocrx_word' id='word_1_253' title='bbox 1317 2273 1460 2312; x_wconf 82' lang='lat' dir='ltr'>clunes</span> 
     </span>
     <span class='ocr_line' id='line_1_32' title="bbox 69 2339 1459 2391; baseline -0.001 -11"><span class='ocrx_word' id='word_1_254' title='bbox 69 2347 113 2380; x_wconf 79' lang='lat' dir='ltr'>et</span> <span class='ocrx_word' id='word_1_255' title='bbox 133 2341 264 2379; x_wconf 88' lang='lat' dir='ltr'>lumbi</span> <span class='ocrx_word' id='word_1_256' title='bbox 285 2341 386 2378; x_wconf 72' lang='lat' dir='ltr'>scite</span> <span class='ocrx_word' id='word_1_257' title='bbox 412 2341 551 2391; x_wconf 78' lang='lat' dir='ltr'>magis</span> <span class='ocrx_word' id='word_1_258' title='bbox 572 2339 844 2377; x_wconf 73' lang='lat' dir='ltr'>extenduntur</span> <span class='ocrx_word' id='word_1_259' title='bbox 856 2368 868 2388; x_wconf 89' lang='lat'>‚</span> <span class='ocrx_word' id='word_1_260' title='bbox 911 2344 1155 2387; x_wconf 63' lang='lat' dir='ltr'>moventur,</span> <span class='ocrx_word' id='word_1_261' title='bbox 1195 2339 1305 2391; x_wconf 84' lang='lat' dir='ltr'>quod</span> <span class='ocrx_word' id='word_1_262' title='bbox 1323 2342 1459 2378; x_wconf 86' lang='lat' dir='ltr'>veris·—</span> 
     </span>
    </p>
   </div>
   <div class='ocr_carea' id='block_1_3' title="bbox 24 2491 1460 2709">
    <p class='ocr_par' dir='ltr' id='par_1_3' title="bbox 24 2491 1460 2709">
     <span class='ocr_line' id='line_1_33' title="bbox 114 2491 1460 2537; baseline 0.001 -9"><span class='ocrx_word' id='word_1_263' title='bbox 114 2494 173 2528; x_wconf 82' lang='lat'>40.</span> <span class='ocrx_word' id='word_1_264' title='bbox 196 2494 356 2527; x_wconf 83' lang='lat' dir='ltr'>Lubinus</span> <span class='ocrx_word' id='word_1_265' title='bbox 376 2501 410 2526; x_wconf 86' lang='lat' dir='ltr'>et</span> <span class='ocrx_word' id='word_1_266' title='bbox 433 2493 514 2526; x_wconf 75' lang='lat' dir='ltr'>alii:</span> <span class='ocrx_word' id='word_1_267' title='bbox 538 2493 582 2526; x_wconf 87' lang='lat' dir='ltr'>ad</span> <span class='ocrx_word' id='word_1_268' title='bbox 605 2502 736 2527; x_wconf 85' lang='lat' dir='ltr'>terram</span> <span class='ocrx_word' id='word_1_269' title='bbox 837 2495 894 2528; x_wconf 69' lang='lat'>41.</span> <span class='ocrx_word' id='word_1_270' title='bbox 944 2492 999 2526; x_wconf 91' lang='lat' dir='ltr'>Cs.</span> <span class='ocrx_word' id='word_1_271' title='bbox 1022 2491 1066 2523; x_wconf 78' lang='lat' dir='ltr'>ad</span> <span class='ocrx_word' id='word_1_272' title='bbox 1087 2492 1153 2529; x_wconf 72' lang='lat' dir='ltr'>Vl,</span> <span class='ocrx_word' id='word_1_273' title='bbox 1177 2492 1220 2525; x_wconf 70' lang='grc'>65</span> <span class='ocrx_word' id='word_1_274' title='bbox 1237 2506 1311 2537; x_wconf 84' lang='lat' dir='ltr'>seq.</span> <span class='ocrx_word' id='word_1_275' title='bbox 1335 2496 1460 2531; x_wconf 74' lang='lat' dir='ltr'>et514.</span> 
     </span>
     <span class='ocr_line' id='line_1_34' title="bbox 67 2549 1459 2598; baseline -0.001 -13"><span class='ocrx_word' id='word_1_276' title='bbox 67 2552 325 2598; x_wconf 71' lang='lat' dir='ltr'>procumbant,</span> <span class='ocrx_word' id='word_1_277' title='bbox 369 2552 467 2594; x_wconf 83' lang='lat' dir='ltr'>quasi</span> <span class='ocrx_word' id='word_1_278' title='bbox 492 2550 535 2583; x_wconf 81' lang='lat' dir='ltr'>ad</span> <span class='ocrx_word' id='word_1_279' title='bbox 565 2563 638 2584; x_wconf 87' lang='lat' dir='ltr'>sese</span> <span class='ocrx_word' id='word_1_280' title='bbox 659 2560 737 2583; x_wconf 85' lang='lat' dir='ltr'>stu-</span> <span class='ocrx_word' id='word_1_281' title='bbox 794 2552 939 2586; x_wconf 73' lang='lat' dir='ltr'>CasauB.</span> <span class='ocrx_word' id='word_1_282' title='bbox 974 2550 1017 2582; x_wconf 76' lang='lat' dir='ltr'>ad</span> <span class='ocrx_word' id='word_1_283' title='bbox 1055 2549 1155 2582; x_wconf 81' lang='lat' dir='ltr'>Pers.</span> <span class='ocrx_word' id='word_1_284' title='bbox 1185 2550 1214 2591; x_wconf 90' lang='lat' dir='ltr'>I,</span> <span class='ocrx_word' id='word_1_285' title='bbox 1241 2563 1298 2585; x_wconf 85' lang='lat'>20.</span> <span class='ocrx_word' id='word_1_286' title='bbox 1330 2563 1387 2586; x_wconf 80' lang='lat'>21.</span> <span class='ocrx_word' id='word_1_287' title='bbox 1425 2562 1459 2585; x_wconf 66' lang='lat' dir='ltr'>ei</span> 
     </span>
     <span class='ocr_line' id='line_1_35' title="bbox 24 2602 1458 2654; baseline -0.001 -12"><span class='ocrx_word' id='word_1_288' title='bbox 24 2619 37 2648; x_wconf 56' lang='lat'>1,</span> <span class='ocrx_word' id='word_1_289' title='bbox 72 2618 230 2654; x_wconf 78' lang='lat' dir='ltr'>pratores</span> <span class='ocrx_word' id='word_1_290' title='bbox 259 2608 493 2650; x_wconf 79' lang='lat' dir='ltr'>admissurae,</span> <span class='ocrx_word' id='word_1_291' title='bbox 525 2608 654 2651; x_wconf 84' lang='lat' dir='ltr'>idque,</span> <span class='ocrx_word' id='word_1_292' title='bbox 698 2616 736 2639; x_wconf 86' lang='lat' dir='ltr'>ut</span> <span class='ocrx_word' id='word_1_293' title='bbox 792 2602 938 2641; x_wconf 61' lang='lat' dir='ltr'>Luc‘ian.</span> <span class='ocrx_word' id='word_1_294' title='bbox 960 2608 1100 2651; x_wconf 73' lang='lat' dir='ltr'>Nigrin.</span> <span class='ocrx_word' id='word_1_295' title='bbox 1127 2619 1155 2638; x_wconf 88' lang='lat' dir='ltr'>c.</span> <span class='ocrx_word' id='word_1_296' title='bbox 1181 2608 1232 2641; x_wconf 85' lang='grc'>15.</span> <span class='ocrx_word' id='word_1_297' title='bbox 1267 2607 1319 2640; x_wconf 86' lang='grc'>16.</span> <span class='ocrx_word' id='word_1_298' title='bbox 1345 2609 1458 2654; x_wconf 71' lang='lat' dir='ltr'>(Opp.</span> 
     </span>
     <span class='ocr_line' id='line_1_36' title="bbox 69 2663 1294 2709; baseline -0.002 -10"><span class='ocrx_word' id='word_1_299' title='bbox 69 2668 183 2709; x_wconf 81' lang='lat' dir='ltr'>magis</span> <span class='ocrx_word' id='word_1_300' title='bbox 206 2667 379 2699; x_wconf 82' lang='lat' dir='ltr'>intuentes</span> <span class='ocrx_word' id='word_1_301' title='bbox 406 2665 563 2700; x_wconf 74' lang='lat' dir='ltr'>convivas</span> <span class='ocrx_word' id='word_1_302' title='bbox 588 2666 737 2708; x_wconf 76' lang='lat' dir='ltr'>irritent,</span> <span class='ocrx_word' id='word_1_303' title='bbox 792 2666 836 2699; x_wconf 89' lang='lat' dir='ltr'>T.</span> <span class='ocrx_word' id='word_1_304' title='bbox 855 2666 882 2698; x_wconf 86' lang='grc' dir='ltr'>Ι.</span> <span class='ocrx_word' id='word_1_305' title='bbox 905 2677 942 2709; x_wconf 79' lang='lat' dir='ltr'>p.</span> <span class='ocrx_word' id='word_1_306' title='bbox 964 2676 1020 2708; x_wconf 82' lang='lat'>70.</span> <span class='ocrx_word' id='word_1_307' title='bbox 1043 2663 1099 2698; x_wconf 82' lang='lat' dir='ltr'>ed.</span> <span class='ocrx_word' id='word_1_308' title='bbox 1118 2663 1294 2709; x_wconf 82' lang='lat' dir='ltr'>Schmid.)</span> 
     </span>
    </p>
   </div>
   <div class='ocr_carea' id='block_1_4' title="bbox 70 2711 617 2765">
    <p class='ocr_par' dir='ltr' id='par_1_4' title="bbox 70 2711 617 2765">
     <span class='ocr_line' id='line_1_37' title="bbox 70 2711 617 2765; baseline 0 -9"><span class='ocrx_word' id='word_1_309' title='bbox 70 2719 174 2758; x_wconf 67' lang='lat' dir='ltr'>clune</span> <span class='ocrx_word' id='word_1_310' title='bbox 195 2711 351 2765; x_wconf 62' lang='lat' dir='ltr'>tremulci</span> <span class='ocrx_word' id='word_1_311' title='bbox 379 2731 414 2758; x_wconf 85' lang='lat' dir='ltr'>et</span> <span class='ocrx_word' id='word_1_312' title='bbox 435 2718 617 2759; x_wconf 72' lang='lat' dir='ltr'>c&#39;rissante.</span> 
     </span>
    </p>
   </div>
   <div class='ocr_carea' id='block_1_5' title="bbox 933 2778 1066 2819">
    <p class='ocr_par' dir='ltr' id='par_1_5' title="bbox 933 2778 1066 2819">
     <span class='ocr_line' id='line_1_38' title="bbox 933 2778 1066 2819; baseline 0.008 -1"><span class='ocrx_word' id='word_1_313' title='bbox 933 2778 1066 2819; x_wconf 80' lang='lat' dir='ltr'>Rr2</span> 
     </span>
    </p>
   </div>
  </div>
 </body>
</html>
