1686 3089
226 168 280 211 62
624 164 1214 209 COMMENTARIVS

224 283 301 319 dia
330 294 425 332 prae
450 280 574 318 animi
597 281 799 318 anxietate
832 287 870 318 et
905 281 1066 327 labore,
1107 282 1157 320 ob
1197 280 1483 317 conscientiam
1525 292 1615 317 sce-

223 350 288 387 lus
308 348 589 397 obiicientem,
631 355 671 386 et
691 349 862 394 timore,
901 361 953 383 ne
975 347 1097 383 satira
1132 346 1296 383 tacitam
1329 346 1489 397 detegat
1523 347 1613 384 cul-

223 430 341 469 pam,
389 414 491 453 th.

369 483 457 520 166.
495 495 530 531 7.
583 483 691 520 Mira
731 487 865 519 metus
911 480 1202 516 sceleratorum
1257 486 1296 516 et
1341 480 1467 517 malae
1514 494 1616 519 con-

222 551 418 589 scientiae
463 549 706 600 descriptio,
764 562 841 599 qua
874 548 935 584 rei
985 561 1029 583 ac
1071 546 1224 583 conscii
1274 546 1394 585 inodo
1446 548 1613 597 frigore,

221 618 343 657 modo
381 618 514 654 calore
537 617 702 654 alternis
728 616 886 653 vic-ibus
906 619 1176 665 torquentur:
1226 614 1329 650 illud
1365 615 1412 651 fit
1443 621 1615 666 propter

219 691 406 729 metum,
446 683 525 721 hoc
563 685 612 721 ob
643 683 866 734 pudorem,
908 695 1001 718 nam
1038 688 1257 732 utrumque
1290 682 1417 719 malae
1454 683 1615 720 consci-

221 753 356 791 entiae
387 753 493 789 inest
505 765 515 798 3
566 751 716 787 Lubin.
791 749 878 786 168.
908 749 1009 785 Inde
1054 751 1140 786 irae
1172 749 1213 786 in
1245 754 1285 785 te
1330 757 1366 785 et
1398 751 1613 793 lac-rimae,

220 834 305 859 non
327 818 625 870 poenitentiae,
663 816 734 854 sed
759 817 894 868 quales
920 815 1092 853 effundit
1121 816 1252 853 rabies
1290 822 1330 853 et
1355 817 1521 854 ultionis
1547 830 1615 854 ar-

221 888 320 926 dens
344 887 458 933 sitis,
499 883 600 921 Aeh.
658 884 785 921 Poeta
814 884 1000 935 respexit
1029 884 1166 920 locum
1204 883 1370 920 Terent.
1409 884 1537 921 Andr.
1574 884 1609 933 I,

222 968 260 998 1,
297 968 361 1005 99.
400 954 519 989 Hinc
556 952 654 988 illae
688 952 908 988 lacrumae.
931 974 984 982 —
1048 951 1161 1000 Ergo
1192 958 1323 986 lecum
1344 951 1468 995 liaeo,
1509 965 1612 1003 quae

219 1022 309 1060 dixi
344 1027 386 1057 et
421 1018 581 1065 monui,
622 1024 670 1054 ut
703 1032 885 1066 caveres,
916 1018 1100 1069 pericula
1131 1017 1307 1054 satiricis
1341 1018 1608 1065 imminentia,

214 1088 433 1135 invidiam,
473 1087 613 1124 odium
645 1093 685 1123 et
713 1100 888 1138 poenas,
932 1087 1070 1122 volam
1089 1087 1212 1135 prius
1234 1087 1399 1128 animo,
1455 1081 1519 1138 (ut
1549 1099 1610 1136 ap.

215 1158 331 1207 Virg.
353 1158 456 1193 Aen.
480 1154 552 1200 IV,
575 1154 665 1190 533.
692 1154 764 1201 VI,
790 1155 878 1192 158.
908 1155 1014 1199 185.)
1044 1152 1234 1190 solertius
1255 1152 1480 1203 perpende,
1529 1168 1612 1190 αη-

216 1235 256 1264 te
280 1224 427 1267 tubas,
471 1226 686 1270 antequam
720 1221 817 1257 tuba
850 1221 1062 1258 classicum
1092 1224 1261 1256 canatur
1297 1226 1338 1256 et
1373 1220 1416 1256 iu
1447 1219 1609 1259 hostem

213 1294 416 1343 impetum
455 1288 600 1334 facias,
644 1292 739 1324 ante
781 1287 945 1324 initium
981 1300 1158 1337 pugnae,
1216 1285 1277 1338 (ut
1311 1293 1350 1323 et
1391 1300 1453 1338 ap.
1491 1288 1606 1338 Virg.

213 1362 317 1398 Aen.
345 1357 421 1405 XI,
457 1356 548 1393 424.
593 1360 632 1390 et
675 1353 771 1390 hinc
815 1368 875 1405 ap.
919 1355 989 1391 Sil.
1034 1355 1111 1400 IX,
1143 1355 1206 1391 52.
1245 1353 1384 1390 Claud.
1436 1354 1481 1391 in
1518 1354 1610 1391 Ru-

214 1427 283 1465 fin.
305 1425 338 1473 I,
367 1425 458 1462 333.
486 1427 527 1458 et
555 1421 662 1458 laud.
689 1420 848 1458 Stilich.
875 1422 905 1469 I,
938 1423 1051 1472 192.)
1090 1420 1129 1458 h.
1160 1435 1192 1458 e.
1216 1427 1431 1472 antequam
1455 1423 1608 1459 scribas

213 1499 258 1531 et
281 1492 414 1529 satiris
441 1489 627 1540 aliquem,
649 1489 752 1538 inpr.
778 1489 1073 1539 potentiorem,
1113 1488 1245 1525 laedas
1276 1495 1316 1525 et
1347 1490 1608 1539 perstringas.

211 1561 368 1599 Poenas
394 1558 479 1595 illas
507 1556 766 1593 minabantur
787 1556 908 1592 etiam
930 1555 1037 1605 leges
1063 1556 1149 1592 XII
1172 1556 1422 1604 tabularum,
1462 1557 1495 1593 si
1519 1570 1608 1594 lna-

210 1628 251 1665 la
275 1625 526 1664 condidisset
550 1624 592 1660 iu
617 1636 737 1674 quem
760 1625 848 1673 quis
873 1624 1070 1671 carmina,
1114 1624 1222 1674 quod
1243 1623 1375 1660 facete
1398 1623 1604 1674 interpre-
1640 1648 1641 1652 =

209 1700 321 1731 tatur
339 1693 483 1730 Horat.
515 1691 596 1727 Sat.
609 1690 663 1733 Π,
683 1704 714 1737 1,
728 1691 780 1728 80
801 1703 883 1741 seq,
957 1691 1172 1740 galeatam
1191 1691 1375 1738 militem,
1391 1697 1602 1741 armatum,

211 1762 283 1813 qui
318 1761 398 1798 iam
424 1756 603 1810 galeam*
628 1771 818 1808 armaque
862 1757 996 1794 induit
1036 1764 1075 1795 et
1106 1758 1307 1809 proelium
1337 1758 1449 1806 iniit,
1498 1759 1607 1796 unde

211 1828 357 1880 pedem
375 1827 534 1864 referre
557 1838 639 1861 nou
660 1825 806 1875 possit,
856 1825 1007 1869 duelli,
1055 1838 1235 1876 pugnae,
1281 1827 1467 1875 poenitet
1503 1840 1604 1871 sero,

209 1902 425 1947 postquam
443 1893 573 1930 victus
598 1898 640 1928 ct
660 1892 897 1930 vulneratus
920 1898 990 1929 est.
1050 1892 1112 1929 lta
1134 1897 1173 1927 te
1201 1892 1360 1928 consilii
1386 1906 1475 1929 sero
1501 1907 1605 1943 poe-

210 1963 376 2010 nitebit,
430 1961 464 1997 si
512 1960 686 2011 aliquem
728 1959 979 1998 lacessiveris
1019 1959 1197 1996 carmine
1229 1965 1270 1995 et
1293 1959 1342 1995 ad
1379 1959 1603 1998 vindictam

207 2029 509 2081 provocaveris.
564 2026 788 2064 Adnotatio
823 2029 967 2064 Heinr.
1003 2033 1062 2064 est
1086 2025 1207 2063 haec:
1252 2026 1387 2073 „Illud
1412 2036 1506 2064 aule
1527 2037 1598 2065 tzo-

210 2097 285 2133 bas
321 2094 596 2146 suppeditavit
631 2095 828 2144 Virgilius
864 2097 965 2131 Aen.
1005 2095 1080 2142 XI,
1113 2094 1206 2131 424.
1249 2093 1373 2145 (unde
1406 2101 1444 2131 ct
1481 2095 1604 2146 petiit

210 2162 419 2200 claudian.
450 2160 556 2198 laud.
593 2159 749 2197 Stilich.
790 2162 821 2208 I,
865 2158 971 2212 192.)
1013 2163 1091 2198 nisi
1123 2175 1246 2209 vero,
1296 2167 1468 2212 propter
1493 2160 1602 2199 hunc

207 2231 366 2282 ipsum,
416 2227 637 2278 archetypa
656 2230 856 2279 scriptura
889 2227 929 2264 h.
964 2229 989 2265 l.
1025 2228 1215 2266 videatur
1248 2228 1399 2265 tubam.
1437 2228 1603 2266 Conve—

205 2296 506 2335 nientissimum
537 2301 597 2332 cst
620 2296 711 2333 loco
731 2296 974 2346 ingenioque
1001 2295 1225 2342 Iuvenalis,
1267 2295 1336 2346 qui
1369 2296 1602 2347 saepissime

207 2361 359 2401 samias
382 2377 404 2400 a
429 2363 606 2413 Virgilio
639 2362 832 2414 loquendi
863 2362 1034 2411 formas,
1074 2364 1182 2401 bono
1212 2373 1305 2399 cum
1354 2362 1518 2411 effectu,
1559 2363 1603 2401 in

206 2443 320 2467 suam
343 2444 430 2468 rem
453 2431 668 2470 convertit.
727 2429 835 2468 Vide
870 2431 1012 2468 saltem
1043 2444 1163 2481 supra
1195 2442 1232 2468 v.
1272 2429 1334 2466 61.
1369 2430 1459 2470 coll,
1485 2431 1600 2481 Virg.

207 2498 310 2536 Aen.
336 2497 391 2541 II,
418 2498 510 2546 477.
542 2498 636 2545 (ubi
662 2504 799 2535 tamen
817 2511 901 2534 non
933 2513 1038 2549 puer
1057 2498 1340 2542 Automedon,
1381 2497 1452 2534 sed
1475 2512 1599 2549 equo-

206 2579 298 2602 rum
327 2566 508 2614 agitator
547 2565 729 2602 Achillis
767 2565 961 2616 Armiger
989 2565 1274 2610 Automedon)
1323 2566 1404 2602 Sat,
1443 2565 1495 2612 Π,
1530 2579 1594 2617 99.

211 2644 300 2670 100.
332 2630 404 2679 VI,
429 2632 492 2668 44.
533 2630 592 2679 (v.
625 2646 709 2683 sup.
747 2632 798 2669 ad
821 2642 867 2669 v.
893 2634 978 2681 30.)
1021 2634 1117 2681 XII,
1153 2634 1216 2684 94.
1254 2638 1329 2669 etc.
1389 2631 1597 2670 Nimirum

206 2696 379 2736 Aeneidi
394 2698 643 2749 Virgilianae
663 2699 888 2750 plurimum
910 2703 986 2740 ista
1007 2708 1112 2740 aetas
1140 2701 1305 2738 tribuit:
1334 2701 1446 2738 cuius
1473 2714 1596 2753 quum
