1798 3072
485 185 560 227 IN
608 183 842 228 IVVEN.
883 184 1020 225 sAT.
1065 183 1096 224 1.
1435 195 1490 240 ἰγ

100 301 268 354 ;,Mollis
291 300 486 339 humerus
502 331 514 350 ,
566 301 636 353 qui
666 300 848 338 lacernas
878 300 1088 339 tenuiores
1119 299 1377 352 levioresque
1407 301 1490 341 iam

99 370 292 421 proxima
320 375 468 406 aestate
489 375 531 406 et
550 368 708 420 saepius
733 373 976 419 gestaverat,
1006 368 1078 405 sed
1099 368 1320 419 incipiente
1341 368 1490 419 hyeme

99 435 368 487 deposuerat,
412 449 544 485 nunc,
585 449 710 488 quum
750 449 893 473 rursus
930 442 1057 473 aestas
1084 442 1166 483 est,
1205 444 1369 473 revocat
1404 437 1428 474 i.
1453 451 1485 476 e.

96 504 271 543 resumit
289 505 469 542 aestivas.
523 505 730 541 Remeat-i
760 504 868 541 enim
897 492 1068 550 (ficitur,
1106 501 1216 554 quod
1241 502 1488 554 aliquamdiu

97 570 375 609 intermissum
398 571 449 609 ad
478 571 696 622 pristinum
723 584 883 608 morem
922 577 964 609 et
995 584 1114 608 usum
1137 569 1360 607 reducitur.
1423 572 1488 610 Cf.

96 636 268 676 Ducker
293 638 343 676 ad
370 639 481 675 Suet.
517 638 639 688 Vesp.
676 651 708 674 c.
750 637 838 676 16.“
893 637 960 674 De
991 639 1172 675 lacernis
1194 651 1232 675 v.
1256 637 1307 674 ad
1329 639 1407 682 iX,
1433 641 1487 678 28

96 718 178 757 seq.
204 728 258 736 —
291 707 475 744 Ventilet
502 719 673 752 aurum,
714 704 882 742 annulos
908 719 1050 742 aureos
1073 704 1291 756 (Equitum
1311 706 1489 756 insigne)

98 772 150 810 (le
174 773 300 824 digito
341 773 543 810 detractos
569 773 613 810 iu
646 772 818 809 sublime
854 773 977 809 iactet
1006 778 1047 809 et
1082 773 1140 809 ita
1164 773 1278 823 quasi
1312 773 1490 823 refrige-

96 845 174 879 ret.
231 841 294 878 Ita
313 841 415 878 Brit.
441 846 481 878 et
505 840 584 877 alii.
651 839 731 877 Sed
760 842 961 877 ventilare
991 839 1131 877 forsan
1166 838 1205 875 h.
1237 841 1263 877 l.
1295 845 1355 877 est
1379 841 1489 879 ultro

95 909 284 959 citroque
316 921 503 956 movere,
556 909 707 945 iactare
743 913 783 944 et
817 913 1022 944 ostentare
1053 907 1096 944 in
1120 906 1277 957 digitis,
1318 908 1492 960 quibus—

96 989 191 1015 cum
212 969 267 1013 ita
284 975 454 1023 luditur,
465 982 511 1012 ut
530 981 749 1013 cernantur
773 976 926 1012 annuli.
1011 989 1159 1012 aarum
1181 977 1399 1020 aestivam,
1413 989 1489 1014 an·-

95 1044 214 1082 nulos
233 1044 408 1081 leviores
437 1043 654 1093 tenuisque
687 1043 892 1090 bracteae,
935 1056 1034 1093 quos
1062 1043 1123 1078 wir
1151 1042 1284 1078 mollis
1318 1049 1358 1079 et
1381 1042 1489 1081 deli-

97 1117 211 1148 catus
231 1110 308 1148 sibi
332 1109 541 1148 faciendos
564 1110 747 1155 curavit,
795 1122 870 1158 per
895 1114 1086 1145 aestatem
1108 1108 1342 1157 gestandoS,
1383 1111 1487 1162 (quo

97 1191 219 1216 sensu
251 1178 355 1214 leues
387 1176 565 1213 annulos
595 1175 702 1212 dixit
734 1175 911 1213 Martial.
945 1175 997 1223 V,
1031 1174 1094 1223 62,
1131 1176 1190 1223 5.)
1229 1176 1421 1226 quoniam
1449 1179 1489 1216 ei

96 1251 187 1282 tum
213 1244 333 1282 nimis
356 1244 492 1294 gravia
515 1248 557 1279 et
575 1241 745 1279 molesta
766 1244 938 1279 maioris
956 1243 1148 1293 pondera
1169 1257 1372 1293 gemmae,
1393 1243 1434 1282 h.
1453 1259 1487 1283 e.

96 1312 261 1360 annuli,
309 1312 377 1361 (ut
404 1310 479 1350 inf.
514 1323 552 1347 v,
589 1309 677 1358 68.)
720 1311 786 1347 cui
823 1323 979 1361 gemma
1022 1310 1284 1361 praegrandis
1320 1312 1488 1363 inserta,

97 1379 207 1418 unde
244 1393 266 1416 a
298 1376 525 1415 delicatulis
555 1390 629 1428 per
668 1376 858 1427 hyemem
896 1378 1134 1427 gestabatur.
1207 1379 1274 1414 Sic
1304 1381 1489 1417 annulus

97 1449 247 1498 ingens
273 1444 369 1488 VII,
404 1445 492 1482 140.
522 1450 561 1480 et
585 1450 728 1481 contra
750 1445 898 1482 [emas
933 1446 1093 1481 aestiva
1128 1445 1306 1483 vestium
1334 1448 1490 1486 serica-

95 1526 190 1552 rum
221 1511 371 1549 dicitur
404 1508 541 1550 Plinio
574 1510 696 1558 XXI,
728 1512 765 1549 5.
802 1512 870 1549 vel
905 1514 1057 1549 aestive
1088 1514 1317 1549 viaticatus
1354 1514 1487 1553 Plaut.

97 1581 210 1620 Men.
241 1579 295 1627 II,
321 1592 353 1627 1,
389 1580 453 1617 5ο.
512 1577 575 1616 Cf.
608 1576 747 1615 Barth.
781 1578 952 1617 Advers.
993 1579 1112 1627 XIII,
1151 1580 1209 1617 15.
1248 1579 1408 1631 Koenig
1436 1583 1488 1621 ad

96 1648 211 1687 Pers.
238 1646 270 1694 I,
295 1646 355 1684 16.
413 1645 581 1684 Gorlaei
602 1645 764 1696 Dactyl.
794 1660 832 1697 p.
870 1660 930 1685 10.
970 1654 1011 1684 et
1046 1660 1104 1685 12.
1136 1646 1404 1686 Kirchmann.
1436 1650 1487 1688 de

98 1715 206 1754 Ann.
233 1728 266 1751 c.
296 1726 357 1763 17.
413 1713 591 1750 Tm'neb.
631 1712 796 1751 Advers.
829 1714 929 1762 XX,
959 1727 998 1752 2.
1029 1715 1178 1753 Graev.
1215 1716 1313 1766 Syll.
1346 1717 1486 1755 Burin.

99 1782 150 1820 T.
171 1781 243 1819 IV.
270 1795 309 1832 p.
342 1781 431 1818 184.
462 1786 502 1818 et
523 1781 722 1831 Bettigeri
739 1781 885 1818 Sabina
905 1796 944 1833 p.
969 1794 1061 1833 292.
1086 1783 1177 1833 293.
1208 1784 1300 1820 412.
1340 1783 1400 1820 ed.
1423 1798 1486 1835 pr.

99 1850 188 1887 Vix
209 1855 268 1886 est
289 1848 399 1900 quod
420 1861 626 1896 moneam,
664 1849 831 1899 singulis
855 1849 946 1886 sere
976 1849 1113 1886 verbis
1144 1863 1299 1886 novum
1324 1851 1488 1888 inaudi—

97 1923 165 1954 tae
192 1915 380 1953 mollitiei
401 1929 525 1967 genus
547 1915 780 1967 vividisque
805 1915 1010 1954 coloribus
1028 1916 1271 1954 adumbrari.
1331 1916 1394 1955 Cs.
1414 1917 1489 1967 VI,

99 1985 182 2035 259
206 1996 286 2035 seq.
310 1989 350 2020 et
371 1982 493 2021 Ovid.
516 1982 606 2020 Am.
628 1982 680 2030 ΙΙ,
709 1983 768 2019 15.
790 1994 855 2022 22.

212 2051 278 2088 5ο.
308 2049 372 2087 Cs.
399 2049 566 2088 casaub.
586 2049 635 2087 ad
658 2050 770 2087 Pers.
795 2050 828 2094 I,
865 2062 924 2090 12.
951 2064 990 2102 p.
1018 2051 1081 2089 55.
1123 2051 1306 2096 Scribere
1330 2066 1390 2090 me
1415 2067 1489 2092 sa-

98 2126 258 2168 tyram,
295 2119 369 2169 qui
389 2119 558 2168 culpat,
598 2119 773 2155 maxime
799 2119 1027 2169 Princeps,
1085 2119 1209 2155 Ῑῑῖαηο
1229 2133 1328 2171 rogo
1347 2120 1487 2158 decer-

100 2198 204 2229 naS,
245 2193 320 2222 aut
343 2185 514 2235 probet,
562 2193 636 2223 aut
670 2187 836 2230 timeat,
884 2185 1022 2224 Sidon.
1073 2186 1150 2237 Ep.
1178 2186 1212 2232 I,
1251 2199 1312 2224 12.
1369 2183 1489 2226 Cous.

100 2251 245 2303 Horat.
274 2251 356 2288 Sat.
378 2251 433 2300 II,
462 2266 494 2291 1.
526 2254 724 2303 iniquae,
765 2253 997 2303 flagitiosae.
1022 2255 1214 2305 sert-few,
1257 2255 1345 2291 sine
1366 2268 1489 2293 sensu

103 2323 148 2354 et
178 2317 406 2367 affectibus,
439 2319 678 2371 gefiilzllm,
714 2316 1051 2373 χαλκεοκάρδιος,
1091 2316 1382 2373 σιδηρόᾳρων,
1422 2324 1490 2362 cui

102 2391 166 2423 est
186 2380 283 2437 ἦτορ
311 2381 481 2438 χάλκεον
501 2392 541 2423 et
562 2383 772 2439 σιδήρειοι]
792 2389 860 2426 vel
880 2383 993 2443 ψυχή
1013 2390 1173 2437 λιθίνη.
1204 2387 1267 2426 Cf.
1293 2389 1367 2426 ius.
1393 2388 1489 2438 VII,

108 2452 197 2490 150.
225 2451 357 2503 intpp·
387 2453 530 2491 Horat.
565 2454 642 2492 Od.
675 2454 707 2504 I,
743 2456 780 2504 3,
812 2469 848 2507 9.
887 2463 927 2493 et
960 2456 1101 2494 Iacobs
1131 2456 1182 2493 ad
1213 2454 1381 2494 Anthol.
1414 2457 1488 2495 Gr.

107 2519 200 2556 Vol.
224 2518 275 2555 II.
305 2519 349 2556 P.
373 2519 447 2557 III.
475 2535 514 2572 p.
538 2534 625 2571 172.
661 2544 715 2553 —
757 2531 893 2562 teneat
922 2537 985 2572 se,
1030 2529 1232 2575 temperet
1261 2523 1361 2572 sibi,
1406 2537 1486 2576 quo

106 2585 239 2622 minus
259 2586 399 2623 satiras
423 2589 582 2641 scribat.
606 2611 662 2622 --
719 2591 783 2629 52.
817 2590 968 2628 Matho
993 2605 1022 2628 s.
1058 2590 1258 2634 ΠῙαίΙιοη,
1301 2592 1488 2629 causidi-

106 2665 203 2697 cus,
255 2659 297 2691 et
334 2653 496 2704 quidem
532 2663 613 2697 tam
650 2664 865 2710 ventosus,
916 2672 1035 2709 quam
1074 2658 1316 2698 ventuosus.
1376 2657 1489 2697 Olim

150 2726 318 2776 Ivvznr..
343 2729 429 2766 Vm..
455 2732 504 2767 11.
930 2726 964 2763 B
